3217 6325
556 1325 687 1390 398
1232 1321 1285 1377 S.
1341 1321 1654 1376 Aurelii
1708 1321 2145 1393 Augustini

550 1515 818 1581 refertur
861 1516 939 1580 ad
984 1516 1261 1581 fructum
1309 1517 1482 1600 pacis
1530 1520 1836 1583 aeternae.
1895 1517 2292 1602 Quapropter
2337 1522 2395 1585 si
2439 1519 2841 1585 inrationalia

553 1641 839 1689 essemus
886 1623 1241 1699 animantia,
1289 1613 1450 1689 nihil
1497 1624 1937 1707 adpeteremus
1994 1628 2239 1708 praeter
2284 1625 2632 1691 ordinatam
2677 1630 2835 1691 tem·

555 1732 910 1812 perstarem
970 1729 1243 1813 partium
1308 1730 1586 1813 corporis
1654 1736 1718 1795 et
1777 1732 2058 1813 requiem
2124 1732 2609 1815 adpetitionum
2677 1732 2838 1797 nibil

551 1854 700 1919 ergo
763 1839 1007 1920 praeter
1071 1836 1346 1919 quietem
1409 1838 1614 1902 carnis
1678 1840 1744 1902 et
1805 1839 2052 1921 copiam
2108 1838 2534 1921 uoluptatum,
2593 1842 2666 1903 ut
2718 1858 2838 1922 pax

550 1942 827 2026 corporis
890 1943 1219 2027 prodesset
1278 1944 1416 2027 paci
1473 1944 1737 2008 animae.
1803 1943 1871 2010 Si
1924 1946 2089 2009 enim
2146 1944 2313 2010 desit
2368 1964 2486 2029 pax
2531 1945 2832 2027 corporis,
2892 1967 2921 2008 ⁶

550 2046 876 2132 inpeditur.
932 2049 1124 2112 etiam
1176 2047 1566 2113 inrationalis
1623 2049 1864 2114 animae
1917 2068 2054 2132 pax,
2110 2051 2261 2132 quia
2310 2050 2590 2132 requiem
2648 2050 2833 2133 adpe-

550 2155 845 2222 titionum
894 2154 1195 2238 consequi
1240 2174 1362 2220 non
1406 2159 1638 2240 potest.
1689 2156 2042 2240 Utrumque
2089 2160 2301 2222 autern
2349 2157 2539 2221 simul
2587 2157 2645 2221 ei
2689 2158 2828 2241 paci

548 2261 824 2346 prodest,
871 2280 1058 2344 quam
1104 2261 1266 2326 inter
1308 2280 1377 2326 se
1422 2261 1656 2326 habent
1701 2262 1909 2327 anima
1944 2265 2010 2327 et
2045 2281 2297 2347 corpus,
2341 2262 2407 2327 id
2443 2265 2545 2327 est
2582 2261 2825 2327 ordina·

546 2372 650 2433 tae
713 2368 885 2433 uitae
948 2385 1022 2433 ac
1086 2367 1334 2432 salutis.
1400 2365 1582 2433 Sicut
1645 2367 1811 2433 enim
1873 2387 2095 2451 pacem
2161 2368 2438 2453 corporis
2493 2386 2702 2432 amare
2756 2386 2827 2432 se

548 2474 890 2540 ostendunt
934 2474 1295 2552 animantia,
1342 2493 1487 2543 cum
1531 2474 1790 2560 fugiunt
1832 2474 2135 2552 dolorem,
2183 2477 2246 2539 et
2291 2494 2511 2558 paoem
2558 2472 2826 2551 animae,
2863 2500 2919 2540 ιο

545 2597 693 2647 cum
754 2582 1010 2665 propter
1062 2580 1403 2663 explendas
1466 2580 1846 2665 indigentias
1901 2580 2362 2664 adpetitionum
2424 2579 2825 2663 uoluptatem

546 2691 923 2770 sequuntur:
977 2686 1070 2751 ita
1113 2688 1381 2751 mortem
1424 2685 1725 2770 fugiendo
1772 2686 1930 2752 satis
1973 2686 2274 2760 indicant,
2327 2686 2634 2774 quantum
2683 2683 2824 2749 dili-

546 2797 700 2882 gant
741 2812 981 2877 pacem,
1038 2812 1163 2876 qua
1206 2793 1328 2857 sibi
1375 2793 1790 2859 conciliantur
1835 2793 2041 2858 anima
2086 2795 2151 2857 et
2196 2810 2442 2874 corpus.
2500 2789 2627 2856 Sed
2672 2790 2821 2873 quia

548 2899 788 2968 homini
842 2898 1165 2964 rationalis
1220 2897 1430 2963 anima
1483 2899 1670 2977 inest,
1723 2901 1931 2965 totum
1989 2899 2129 2977 boc,
2184 2896 2356 2981 quod
2407 2897 2599 2962 habet
2654 2915 2819 2962 com·

543 3027 733 3075 mune
798 3026 941 3072 cum
1006 3005 1254 3083 bestiis,
1319 3005 1538 3070 subdit
1597 3005 1740 3090 paci
1792 3004 2037 3070 animae
2090 3003 2434 3083 rationalis,
2492 3007 2566 3067 ut
2611 3007 2820 3067 mente
2859 3033 2908 3070 ιε,

542 3113 784 3199 aliquid
828 3114 1292 3198 contempletur
1335 3114 1400 3178 et
1443 3112 1790 3178 secundum
1845 3112 1964 3178 boc
2009 3110 2250 3195 aliquid
2295 3115 2465 3196 agat,
2512 3112 2587 3175 ut
2630 3110 2717 3175 sit
2760 3109 2818 3175 ei

543 3220 825 3287 ordinata
870 3219 1247 3305 cognitionis
1294 3219 1683 3303 actionisque
1729 3218 2076 3293 consensio,
2132 3236 2319 3301 quam
2364 3234 2581 3299 pacem
2627 3216 2815 3282 ratio·

541 3326 702 3393 nalis
748 3327 991 3392 animae
1036 3325 1409 3391 dixeramus.
1465 3325 1565 3390 Ad
1606 3324 1728 3391 boc
1783 3326 1947 3391 enim
1992 3325 2159 3391 uelle
2214 3323 2402 3389 debet
2443 3342 2559 3388 nec
2602 3322 2814 3388 dolore

540 3430 866 3498 molestari
936 3448 1050 3495 neo
1122 3430 1429 3496 desiderio
1501 3431 1852 3514 perturbari
1922 3450 2038 3497 nec
2108 3432 2307 3496 morte
2379 3428 2667 3502 dissolui,
2743 3434 2817 3492 ut

542 3536 782 3621 aliquid
838 3536 993 3602 utile
1050 3541 1393 3619 cognoscat
1446 3542 1511 3602 et
1568 3538 1915 3603 secundum
1959 3557 2095 3603 eam
2143 3536 2567 3622 cognitionem
2612 3534 2811 3599 uitam
2849 3562 2904 3601 ιο

539 3658 872 3725 moresque
935 3646 1262 3725 conponat.
1327 3642 1448 3709 Sed
1515 3662 1590 3709 ne
1654 3644 1793 3726 ipso
1850 3643 2061 3708 studio
2116 3641 2495 3728 cognitionis
2558 3648 2814 3725 propter

539 3748 848 3813 humanae
894 3747 1125 3813 mentis
1168 3747 1597 3814 infirmitatem
1644 3751 1705 3815 in
1749 3753 1993 3832 pestem
2042 3749 2308 3815 alicuius
2345 3747 2569 3813 erroris
2604 3748 2809 3811 incur-

537 3855 654 3930 rat,
710 3871 872 3937 opus
927 3853 1118 3919 babet
1174 3856 1536 3939 magisterio
1583 3856 1820 3934 diuino,
1878 3855 1982 3921 cui
2031 3858 2238 3921 certus
2286 3855 2695 3936 obtemperet,
2744 3859 2809 3917 et

537 3958 871 4036 adiutorio,
926 3961 1001 4024 ut
1051 3959 1212 4024 liber
1264 3961 1673 4046 obtemperet.
1730 3962 1812 4027 Et
1864 3962 2180 4045 quoniam,
2237 3960 2535 4045 quamdiu
2589 3962 2690 4024 est
2739 3960 2803 4023 in

535 4063 664 4129 isto
726 4065 976 4129 mortali
1040 4082 1321 4148 corpore,
1393 4069 1826 4153 peregrinatur
1888 4087 1924 4132 a
1975 4066 2283 4133 Domino:
2347 4065 2634 4131 ambulat
2696 4083 2807 4149 per
2839 4096 2894 4135 ιε

533 4167 745 4246 fidem,
790 4188 912 4235 non
954 4188 1067 4253 per
1110 4171 1411 4254 speciem
1460 4191 1533 4237 ac
1576 4192 1689 4257 per
1730 4173 1851 4238 hoe
1896 4191 2146 4237 omnem
2190 4189 2409 4254 pacem
2446 4170 2553 4237 uel
2590 4187 2805 4252 corpo·

534 4275 622 4341 ris
677 4277 785 4341 uel
837 4277 1079 4342 animae
1132 4279 1238 4342 uel
1294 4278 1488 4343 simul
1544 4278 1819 4362 corporis
1866 4280 1932 4344 et
1984 4278 2225 4343 animae
2271 4276 2461 4341 refert
2504 4275 2584 4340 ad
2628 4275 2803 4347 illam

532 4399 774 4464 pacem,
837 4401 998 4465 quae
1060 4381 1299 4448 bomini
1359 4385 1611 4451 mortali
1676 4388 1775 4450 est
1826 4404 1971 4450 cum
2025 4383 2338 4449 inmortali
2394 4383 2550 4461 Deo,
2615 4385 2688 4448 ut
2723 4383 2800 4446 »ei

534 4485 620 4551 sit
678 4487 958 4553 ordinata
1019 4488 1083 4552 in
1138 4488 1260 4553 fide
1316 4490 1433 4555 sub
1495 4495 1745 4556 aeterna
1797 4490 1939 4574 lege
1995 4490 2406 4556 oboedientia.
2460 4489 2595 4555 Iam
2650 4507 2799 4553 uero

710 4730 778 4784 25
813 4730 863 4783 2.
904 4729 1020 4785 cor.
1060 4733 1110 4797 5,
1147 4732 1180 4785 e
1217 4748 1295 4802 sq.

606 4907 630 4961 1
671 4905 1073 5003 inrationabilia
1109 4908 1139 4962 b
1151 4925 1251 4976 pa
1337 4912 1371 4965 6
1409 4927 1509 4980 pax
1548 4911 1757 4964 animae
1791 4927 1824 4964 v
1917 4911 1975 4964 11
2019 4909 2359 4980 expellendas
2391 4927 2429 4980 9
2519 4910 2586 4964 12
2625 4925 2790 4979 quan·

529 5036 659 5097 tam,
694 5031 758 5083 in
790 5047 960 5099 mar-9.
998 5008 1218 5100 quantu,
1258 5050 1286 5085 e
1394 5036 1458 5087 17
1496 5035 1734 5105 cognitio
1768 5052 1807 5103 p
1911 5034 1977 5089 18
2015 5034 2105 5088 uel
2135 5051 2173 5103 9
2265 5035 2330 5089 21
2370 5035 2476 5088 isto
2514 5051 2542 5086 e
2637 5036 2707 5088 23
2736 5039 2791 5086 et

529 5118 697 5174 adiut.
734 5123 797 5171 ut
831 5119 923 5171 lib.
964 5119 1299 5189 obtemperet
1334 5139 1432 5176 om.
1471 5124 1594 5193 εἱς*
1773 5124 1841 5178 28
1878 5140 1997 5177 curn
2035 5123 2149 5176 Deo
2186 5123 2475 5186 immortali
2509 5139 2542 5177 ο
2705 5127 2790 5177 est

529 5223 648 5262 cum
686 5207 956 5260 inmortali
994 5224 1094 5261 om.
1132 5226 1159 5262 e
1264 5212 1332 5264 ‘29
1371 5211 1461 5281 sit]
1502 5213 1546 5264 si
1581 5230 1619 5281 9
