3217 6325
278 1284 342 1348 506
616 1280 645 1336 8.-
671 1280 825 1334 Aurelii
853 1280 1070 1349 Augustini

277 1479 378 1553 urus,
405 1476 508 1561 possit
528 1476 618 1540 Iesus
641 1474 786 1540 Christus
809 1472 961 1558 intellegi.
988 1474 1047 1538 list
1067 1473 1157 1539 loeus
1180 1478 1258 1557 aput
1277 1475 1407 1539 Esaiam

276 1582 471 1664 prophetam,
499 1582 553 1664 qui
574 1581 634 1649 h'oo
657 1581 740 1663 quod
764 1581 834 1645 dioo
857 1580 1019 1645 euidenter
1041 1581 1187 1647 ostendit
1211 1580 1298 1647 Deus
1321 1582 1405 1647 enim

277 1707 333 1773 per
354 1688 551 1771 prophetam:
579 1688 682 1752 Audi
704 1707 771 1763 me,
799 1687 911 1770 iuquit,
939 1687 1057 1752 laeob
1080 1691 1119 1753 et
1140 1687 1270 1753 Israel
1293 1708 1407 1772 quom

278 1814 350 1880 ego
374 1814 484 1861 noso.
508 1796 586 1879 ligo
610 1813 693 1859 sum
715 1795 869 1877 primus
892 1797 932 1858 et
954 1811 1025 1877 ego
1047 1793 1085 1858 iu
1105 1793 1407 1877 sempiternum,

277 1905 316 1967 et
353 1921 489 1966 manas
526 1919 608 1965 mea
643 1900 834 1964 fundauit
868 1903 1024 1977 terram,
1057 1901 1096 1964 st
1127 1899 1291 1964 dextera
1321 1919 1408 1964 mea
1439 1922 1454 1963 e

277 2007 465 2072 firmauit
487 2007 649 2071 eaelum.
672 2004 829 2069 Vooabo
853 2022 930 2080 eos,
959 2010 998 2070 et
1020 2004 1189 2070 stabunt
1211 2005 1343 2082 simul,
1368 2010 1409 2069 et

278 2113 632 2197 congregabuntur
655 2129 787 2175 omnes
811 2116 850 2175 et
873 2110 1048 2176 audient
1073 2109 1171 2191 Quis
1195 2112 1232 2176 si·
1252 2112 1407 2176 nantia-

276 2219 339 2284 uit
360 2219 480 2284 hese?
503 2217 690 2302 Diligens
713 2221 751 2281 te
774 2216 854 2281 feei
876 2217 1130 2283 uoluntatem
1154 2222 1260 2282 tuam
1285 2237 1408 2301 super

276 2324 530 2408 Babylonem,
562 2326 608 2396 ut
637 2322 835 2387 auferrem
868 2340 999 2387 semen
1023 2322 1323 2389 chaldaeorum.
1361 2324 1408 2387 st

276 2430 439 2495 loeutus
465 2433 609 2495 sumet
632 2446 701 2512 ego
724 2428 885 2504 uooaui3
912 2427 1056 2494 adduxi
1079 2448 1164 2495 eum
1187 2433 1226 2494 st
1245 2448 1405 2512 prospe·
1425 2451 1452 2491 ro

276 2554 356 2601 ram
379 2535 458 2600 ieoi
481 2534 584 2599 uiam
608 2535 706 2600 sius.
728 2533 922 2600 Aooodite
940 2534 986 2599 ad
1004 2553 1061 2600 me
1083 2539 1123 2600 et
1139 2534 1278 2601 audite
1295 2534 1405 2602 haec.

276 2641 359 2707 Nou
382 2661 401 2705 a
422 2640 628 2724 principio
650 2640 688 2705 in
713 2640 955 2707 abscondito
977 2640 1144 2707 loeutus
1163 2660 1264 2717 sum;
1288 2660 1406 2723 quan·

277 2747 322 2813 do
345 2747 510 2820 fiebant,
532 2745 590 2811 ibi
613 2764 715 2811 eram
747 2746 795 2811 Di
821 2764 922 2811 nuno
945 2746 1138 2812 Dominus
1160 2746 1267 2812 Deus
1289 2746 1406 2812 misit

276 2872 332 2918 me
355 2858 394 2919 et
416 2852 596 2935 Spiritus
619 2851 716 2917 eius.
740 2851 862 2936 Nempe
880 2853 948 2934 ipse
966 2856 1025 2931 est,
1044 2853 1098 2936 qui
1115 2852 1303 2935 loquebatur
1319 2853 1407 2918 siout

274 2959 429 3025 Dominus
452 2958 552 3035 Deus;
581 2976 637 3025 nso
659 2962 763 3024 tamen
785 2958 1022 3043 intellegeretur
1043 2958 1133 3024 Iesus
1157 2957 1312 3037 Christus,
1341 2961 1405 3025 nisi
1424 2978 1451 3020 re

275 3064 460 3131 addidisset:
488 3064 536 3130 Dt
562 3080 662 3130 nuno
689 3064 879 3130 Dominus
902 3064 1007 3131 Deus
1035 3065 1150 3130 misit
1175 3084 1232 3130 me
1259 3068 1298 3130 et
1321 3064 1404 3148 Spi-

275 3171 382 3239 ritus
410 3172 506 3238 eius.
534 3172 620 3237 Dixit
646 3171 704 3237 hoo
726 3172 810 3237 enim
838 3170 1011 3238 seeundum
1032 3172 1164 3238 formam
1186 3171 1281 3250 serni,
1309 3173 1348 3238 de
1371 3193 1405 3238 re

275 3277 381 3344 futura
403 3283 495 3343 utens
518 3278 678 3362 praeteriti
700 3284 851 3360 temporrs
875 3277 983 3356 uerbo,
1007 3297 1101 3361 quem
1123 3277 1308 3344 admodum
1327 3285 1407 3363 aput

275 3383 408 3450 eundem
431 3380 615 3467 prophetam
636 3384 767 3468 legitur:
796 3383 913 3450 Siout
935 3384 1024 3449 ouis
1051 3383 1097 3450 ed
1119 3383 1403 3451 immolandum

272 3489 422 3557 'duetus
454 3494 524 3557 est.
556 3488 626 3556 Non
658 3491 740 3555 enim
773 3491 830 3556 ait:
867 3489 1029 3567 uocetur,
1065 3489 1121 3556 sed
1152 3508 1207 3573 pro
1239 3509 1287 3570 eo,
1319 3492 1404 3575 quod
1422 3511 1449 3552 so

272 3597 416 3662 futorum
442 3600 518 3675 erat,
545 3596 706 3679 praeteriti
733 3595 883 3681 temporis
910 3596 1041 3661 uerbum
1069 3597 1186 3679 posuit.
1209 3596 1251 3662 lit
1273 3597 1405 3663 adsidue

273 3702 438 3788 prophetis
460 3702 505 3767 sio
528 3702 677 3785 loquitur.

316 3809 375 3876 list
409 3804 466 3897 [et]
497 3807 578 3873 alius
606 3807 697 3874 loous
729 3811 806 3892 aput
837 3808 1028 3887 Zachariam,
1064 3808 1118 3891 qui
1149 3807 1209 3873 hoo
1241 3808 1404 3875 euidenter

273 3915 421 3995 ostendit,
453 3915 537 3999 quod
564 3915 808 3998 omnipotentem
836 3915 924 3980 misit
950 3914 1161 3998 omnipotens:
1193 3915 1265 3999 quis
1297 3935 1402 3998 quern,

274 4020 335 4087 nisi
357 4021 443 4086 Deus
466 4021 559 4087 Pater
581 4021 682 4086 Deum
706 4020 847 4086 Filium?
869 4019 949 4085 Nam
973 4023 1018 4085 ite
1035 4021 1188 4104 seriptum
1207 4023 1271 4086 est:
1295 4020 1402 4087 Haeo
1420 4040 1447 4082 ee

274 4126 377 4194 dioit
400 4125 590 4192 Dominus
615 4127 887 4210 omnipotens:
908 4127 1008 4192 ¹Post
1025 4126 1193 4212 gloriam
1212 4126 1325 4193 misit
1344 4147 1402 4194 me

274 4253 393 4319 super
428 4237 585 4318 gentos,
627 4251 739 4316 quaer
762 4233 1047 4317 spoliauerunt
1082 4251 1169 4316 uos;
1207 4232 1300 4319 quia
1335 4234 1402 4318 qui

361 4547 378 4601 t
397 4546 467 4601 Dsai.
485 4546 530 4610 48,
550 4546 582 4600 12
601 4561 659 4615 sqq.
714 4544 747 4599 19
764 4543 837 4599 Dani
856 4545 899 4612 53,
918 4544 934 4598 'i
988 4533 1022 4599 25
1040 4544 1118 4600 Zscb.
1136 4546 1161 4609 2,
1180 4545 1197 4600 8
1215 4562 1255 4616 sq.

309 4732 373 4786 oet
391 4735 455 4785 onte
471 4746 566 4784 marrus
583 4729 670 4785 oud
750 4729 1000 4799 titulamento
1076 4730 1142 4784 ‘lut
1158 4727 1303 4784 audiantd
1376 4730 1402 4783 ei

273 4819 409 4873 nuntiauit
428 4819 537 4889 obpu·
554 4818 707 4872 enuntiauit
723 4835 752 4888 95
771 4818 841 4873 euim
859 4818 996 4872 nuntiabit
1013 4834 1039 4884 e‚·
1058 4818 1096 4872 eis
1114 4821 1189 4873 nunt.
1210 4835 1251 4873 eo
1317 4818 1334 4871 9
1353 4834 1401 4871 au·

273 4906 356 4962 ierem
375 4905 401 4962 ι’
491 4906 825 4976 lteq.1oeotueeumin
845 4905 1001 4961 abscondito
1021 4923 1035 4961 o
1124 4907 1157 4961 15
1177 4904 1299 4961 Obrimus
1317 4922 1367 4960 om.
1388 4922 1402 4960 e

276 4995 308 5050 16
327 4993 480 5050 audissetd
536 4996 566 5050 17
586 4995 653 5049 dixit
670 5011 731 5063 sup.
750 4995 832 5064 lino
901 4993 953 5049 hoo
970 4994 1040 5049 enim
1060 4993 1159 5050 diuite
1231 4994 1264 5049 de
1281 4995 1402 5049 iutur'oe

273 5084 308 5140 23
326 5082 378 5138 uit
396 5100 445 5142 om.
464 5087 480 5139 o
586 5084 655 5140 alius
674 5100 736 5154 eom·
755 5089 783 5137 et
800 5084 868 5137 alius
887 5084 955 5137 ato
973 5084 1071 5138 Domb.
1170 5083 1235 5153 quil,
1253 5099 1269 5137 a
1287 5100 1366 5151 eras„
1382 5101 1402 5153 9

273 5173 308 5228 24
327 5188 405 5242 quem
424 5189 474 5227 ona
494 5172 510 5227 d
563 5173 596 5226 27
616 5187 667 5242 que
686 5171 849 5242 emolitae
