3217 6325
230 1297 294 1360 220
565 1294 591 1346 S.
618 1293 774 1346 Aurelii
801 1295 1015 1374 Augustini

229 1488 289 1553 uiri
320 1488 516 1571 multumque
547 1487 680 1560 laudati;
717 1488 748 1551 in
780 1507 841 1569 quo
875 1490 999 1570 quidem
1031 1493 1106 1554 tuno
1137 1489 1271 1574 figurata
1302 1492 1352 1553 est

229 1594 360 1659 mutatio
388 1594 504 1658 ueteris
532 1594 697 1658 sacerdotii
725 1598 756 1657 ct
782 1613 863 1659 nunc
890 1596 1018 1677 inpleta,
1046 1596 1168 1678 quando
1195 1595 1352 1659 infirmata

228 1704 278 1763 est
310 1719 387 1781 quas
419 1699 518 1763 multa
546 1699 668 1763 eratin
696 1698 781 1775 filiis,
809 1706 845 1762 ut
872 1720 988 1765 nouum
1016 1701 1143 1765 haberet
1169 1701 1200 1765 in
1224 1699 1351 1765 Christo

226 1803 436 1871 sacerdotium
459 1803 586 1878 sterilis,
611 1823 689 1886 qnae
712 1806 833 1887 peperit
851 1808 980 1886 septem.

683 1995 818 2061 CAPUT
842 1997 879 2061 V.

1380 2053 1393 2093 5

228 2139 282 2203 De
306 2139 378 2215 hie,
402 2145 501 2220 quae
524 2138 567 2201 ad
590 2128 679 2202 Heli
704 2138 950 2203 sacerdotem
968 2140 1080 2203 homo
1100 2138 1350 2220 Deipropire·

226 2245 309 2311 tico
338 2245 500 2309 locutus
525 2249 586 2307 est
608 2243 768 2325 spiritu,
796 2244 1043 2327 significans
1066 2243 1350 2316 sacerdotium,

227 2350 330 2434 quod
372 2349 582 2415 seeundum
623 2352 746 2413 Aaron
788 2350 1025 2414 institutum
1066 2350 1210 2425 iuerat,
1252 2349 1351 2412 aufa-

704 2456 877 2519 rendum.

270 2595 332 2661 Sed
367 2596 427 2660 hoc
464 2595 641 2660 euidentius
679 2596 717 2660 ad
752 2597 856 2677 ipsum
894 2596 966 2661 Heli
1002 2596 1195 2660 sacerdotem
1232 2595 1394 2659 misensis

224 2702 366 2785 loquitur
388 2702 481 2765 homo
504 2702 574 2777 Dei,
602 2702 691 2766 cuins
715 2702 840 2784 quidem
864 2721 974 2765 nornen
997 2704 1128 2774 tacetur,
1152 2700 1207 2765 sed
1230 2701 1351 2765 intelle·

225 2808 309 2890 gitur
331 2789 433 2872 officio
458 2808 691 2890 ministerioque
714 2828 771 2873 suo
796 2809 863 2873 sine
886 2808 1081 2872 dubitatione
1104 2806 1266 2890 propheta.
1300 2806 1351 2871 Sic

224 2914 306 2976 enim
331 2914 481 2995 seriptum
506 2919 568 2978 est:
593 2915 638 2978 Dt
660 2914 763 2978 uenit
785 2913 891 2978 horno
915 2914 982 2977 Dei
1005 2913 1048 2978 ad
1071 2913 1158 2976 Heli
1182 2916 1218 2976 et
1242 2912 1352 2976 dixit:

224 3018 323 3082 Haec
360 3019 455 3083 dicit
490 3020 683 3084 Dominus:
716 3020 921 3084 Reuelatus
958 3019 1151 3083 reuelatus
1192 3038 1270 3081 aum
1309 3017 1352 3081 ad

226 3125 370 3190 domum
389 3125 507 3210 patris
526 3127 592 3203 tui,
608 3146 687 3191 cum
707 3131 833 3193 essent
850 3127 883 3190 in
905 3129 1002 3191 terra
1017 3125 1175 3209 Aegypti
1195 3123 1296 3189 serui
1313 3123 1349 3187 in
1371 3144 1395 3187 n

225 3231 330 3296 domo
359 3232 511 3306 Pharno;
537 3239 573 3297 et
596 3233 694 3317 elegi
722 3232 864 3297 domum
892 3233 1011 3316 patris
1034 3234 1090 3297 tui
1114 3251 1154 3295 er
1176 3230 1349 3295 omnibus
1436 3246 1439 3251 ·

226 3337 388 3420 sceptris
410 3338 529 3402 Israel
552 3339 642 3402 mihi
666 3338 876 3403 sacerdotio
899 3338 1015 3422 iungi,
1043 3342 1083 3402 ut
1106 3326 1352 3401 ascenderent

226 3443 269 3506 ad
292 3443 411 3508 altare
434 3464 553 3508 mcum
573 3448 609 3508 et
627 3444 868 3509 incenderent
886 3445 1073 3508 incensum
1099 3445 1136 3507 et
1157 3428 1351 3524 portarent

225 3549 364 3632 Ephod;
399 3555 434 3613 et
466 3549 548 3613 dedi
581 3549 704 3614 domui
735 3550 854 3633 patris
886 3549 942 3613 tui
974 3549 1102 3623 omnia,
1137 3566 1228 3629 quae
1261 3550 1350 3611 sunt

229 3655 329 3738 ignis
353 3655 519 3719 tiliorum
540 3657 668 3731 Israel,
692 3655 726 3718 in
752 3672 881 3719 escam.
906 3656 951 3718 Et
973 3659 1013 3718 nt
1037 3654 1123 3737 quid
1146 3652 1348 3736 respexisti
1367 3660 1395 3717 ao·

225 3761 261 3824 in
284 3761 474 3824 incensum
496 3781 613 3824 meum
639 3762 731 3825 etin
756 3761 987 3824 sacrificium
1011 3779 1127 3824 meum
1152 3758 1350 3841 inpudenti

227 3868 334 3932 oculo
359 3872 395 3931 et
417 3868 652 3951 glorificasti
675 3867 780 3931 tilios
804 3871 890 3931 tuos
914 3886 1106 3950 superma,
1125 3864 1348 3929 benedicere

225 3973 418 4056 primitias
438 3974 554 4038 omnis
579 3973 762 4038 sacrificii
782 3972 817 4036 in
836 3974 953 4036 Israel
971 3973 1005 4036 iu
1026 3975 1227 4053 conspectu
1247 3973 1348 4034 meo?

225 4079 381 4159 Propter
413 4079 481 4143 hoo
513 4080 601 4142 haec
632 4079 727 4143 dicit
753 4078 931 4143 Dominus
959 4078 1058 4141 Deua
1085 4078 1219 4141 Israel:
1248 4076 1346 4140 Dixi:

225 4186 361 4251 Domus
385 4191 450 4249 tua
473 4190 509 4249 et
531 4185 658 4249 domus
686 4184 805 4265 patris
835 4185 888 4247 tui
912 4184 1126 4248 transibunt
1149 4203 1267 4247 coram
1292 4203 1347 4247 me
1366 4204 1392 4243 a

225 4311 341 4375 usquc
373 4292 409 4355 in
438 4296 635 4355 aeternum.
664 4292 710 4355 at
741 4310 836 4355 nuno
865 4291 959 4355 dicit
986 4289 1177 4355 Dominus:
1206 4289 1347 4372 Nequa-

225 4417 341 4480 quam,
365 4397 429 4461 sed
453 4391 715 4480 glorificantes
736 4417 789 4461 me
810 4397 1044 4480 glorificabo,
1065 4399 1102 4460 et
1121 4394 1180 4478 qui
1202 4395 1348 4477 spernit

313 4656 345 4710 ra
363 4655 430 4723 neg.
448 4654 469 4718 1.
489 4655 513 4716 a,
532 4654 636 4709 an-ee

259 4779 424 4848 treptimp
505 4778 642 4850 8aharon
654 4795 673 4847 p
752 4779 784 4831 10
804 4778 872 4855 clip
953 4778 1136 4831 irresolutus
1155 4776 1346 4848 reuelatnspp

224 4869 339 4933 Domb.,·
354 4867 488 4921 reuolutus
508 4868 624 4935 ot¹ep,·
645 4868 766 4921 reuelans
785 4867 920 4920 reuelatns
939 4867 1018 4919 orae
1065 4868 1096 4920 16
1115 4865 1226 4918 domne
1278 4866 1345 4936 pha·

225 5003 269 5045 rao
290 4992 360 5060 cyfi
374 4990 487 5057 Domb.‚·
504 4991 645 5060 pharaonis
665 5008 683 5043 a
694 4990 761 5058 tpv
855 4968 1002 5060 li'septria
1021 4991 1089 5056 (sic),
1108 4990 1139 5041 in
1156 5005 1239 5057 marg.
1258 4966 1345 5043 'tribu'

225 5080 315 5146 base
378 5080 410 5134 18
428 5083 552 5148 poterent
570 5079 594 5141 εξ
654 5080 686 5132 19
705 5079 812 5132 eiothe
872 5080 906 5132 23
925 5079 1022 5148 omnis]
1040 5077 1154 5131 nominis
1174 5078 1347 5147 abepppo

227 5170 261 5222 24
279 5168 341 5222 Dixi
358 5184 443 5236 onnp
