3217 6325
224 1241 288 1304 ,382
556 1241 585 1294 8.
611 1241 765 1295 Aurelii
791 1242 1006 1310 Augustini

224 1432 331 1498 rieudo
353 1432 585 1508 decedentibus,
606 1433 678 1497 nliis
700 1434 944 1498 accedentibus
966 1437 1093 1501 oriende
1116 1440 1247 1520 speeies
1270 1443 1305 1506 in
1329 1462 1364 1508 es

224 1541 443 1621 perpetuitatis
475 1545 633 1624 nunaut
658 1541 743 1603 siem
768 1540 800 1603 in
827 1541 947 1620 arbore,
973 1561 1055 1623 quse
1084 1546 1217 1624 panni
1250 1548 1363 1614 nonde

226 1646 372 1723 uestitus,
398 1646 508 1712 eudem
534 1646 661 1710 uidetur
686 1646 831 1710 uiriditss
857 1665 1046 1729 perum
1069 1649 1148 1714 dum
1174 1650 1362 1720 lnbentibus

225 1763 258 1814 et
279 1751 465 1818 cudentibus
485 1752 571 1818 loliis
593 1751 726 1816 subinde
748 1751 821 1818 ulis.
843 1771 924 1834 quse
946 1759 1130 1828 uocatur,
1147 1756 1266 1823 inciens
1287 1780 1361 1825 con·

225 1863 352 1922 seruant
378 1860 559 1943 opacitatim
590 1857 646 1922 sed
673 1876 782 1921 omnes
806 1858 838 1920 iu
866 1877 904 1921 eu
929 1859 1017 1922 ciues
1043 1862 1231 1928 inmortales
1252 1871 1359 1934 erunt
1386 1881 1400 1923 s

225 1961 472 2045 adipiscentibus
503 1970 536 2029 et
565 1964 757 2029 bominibus.
788 1963 872 2044 quod
907 1983 1079 2047 uumqusrn
1113 1970 1219 2032 sancti
1254 1974 1361 2056 angeli

226 2068 435 2147 perdiderunt
458 2069 567 2135 Faciet
583 2070 643 2134 boc
662 2068 748 2132 Deus
765 2070 1093 2151 omnipotentissimus
1112 2074 1181 2137 eius
1203 2075 1360 2142 conditor.

228 2173 376 2239 Promisit
397 2177 480 2241 enim
503 2194 559 2240 nec
582 2175 706 2238 mentiri
728 2178 844 2256 potest
866 2185 898 2236 et
920 2175 1037 2256 quibus
1059 2176 1155 2241 tidem
1177 2178 1255 2244 bino
1283 2199 1361 2262 quo

226 2297 286 2359 qim
309 2281 435 2357 taceret,
454 2283 554 2346 multu
575 2301 633 2346 suo
656 2289 689 2344 et
712 2299 772 2344 non
791 2281 945 2363 promisso
962 2288 995 2344 et
1011 2283 1170 2364 promisso
1186 2285 1253 2349 ism
1271 2287 1361 2351 fecit

268 2384 341 2468 lpse
367 2392 418 2452 eet
444 2389 537 2463 enim,
560 2388 614 2463 oui
641 2388 672 2451 in
699 2386 850 2469 puncipio
877 2385 1017 2451 condidit
1037 2389 1205 2467 mundum,
1227 2391 1359 2474 plenum
1378 2412 1402 2453 e

227 2491 316 2556 bonis
338 2494 486 2559 omnibus
507 2493 689 2558 nisibilibus
711 2493 813 2574 adque
835 2492 1096 2576 intellegibilibus
1116 2496 1225 2573 rebus,
1243 2498 1276 2562 in
1296 2518 1361 2580 quo

226 2596 305 2661 nibil
337 2599 451 2664 melius
480 2600 622 2664 instituit
652 2617 746 2682 quum
782 2598 926 2680 spiritus,
957 2600 1073 2681 quibus
1103 2602 1360 2686 intellegentium

226 2702 314 2768 dedit
345 2711 377 2769 et
408 2725 484 2770 sune
511 2704 783 2787 contemplstionis
811 2704 932 2768 habiles
959 2724 1154 2790 capacesque
1185 2710 1238 2773 sui
1268 2729 1360 2793 pne

227 2811 311 2875 stitit
336 2811 437 2893 adque
464 2831 525 2876 nna
551 2812 703 2876 societate
729 2810 879 2886 deuinrit,
901 2829 996 2892 quum
1018 2818 1160 2876 nocturn
1187 2820 1223 2878 et
1248 2835 1359 2898 super·

227 2934 298 2980 nam
321 2917 457 2981 dicimuo
479 2916 652 2992 ciuitatem,
670 2915 702 2979 in
725 2934 788 2998 qus
809 2934 869 2989 res,
887 2933 950 2995 qus
971 2920 1190 2981 sustententur
1207 2919 1357 3003 beatique
1376 2943 1401 2981 n

227 3022 300 3101 sint,
324 3022 409 3087 Dens
431 3022 499 3107 ipse
522 3022 587 3086 illie
609 3026 669 3097 est,
691 3027 852 3102 umquam
875 3022 944 3084 nitu
965 3022 1135 3105 uictusque
1162 3026 1357 3101 communis3

227 3129 280 3210 qni
303 3127 435 3194 libomm
459 3128 620 3194 arbitrium
643 3126 744 3192 cidem
766 3126 972 3192 intellectuali
995 3132 1124 3194 naturae
1145 3129 1261 3196 tribuit
1281 3133 1357 3214 tale,

230 3244 273 3307 ut.
297 3237 324 3300 si
347 3236 446 3301 uellet
468 3235 608 3300 deserere
631 3235 743 3307 Deum,
766 3232 992 3299 beatitudinem
1017 3236 1140 3300 scilicet
1163 3256 1266 3309 snam.
1285 3259 1358 3305 con-

228 3343 314 3406 tinuo
338 3343 463 3407 miseria
485 3345 679 3424 sequeretur3
703 3341 757 3422 qui
776 3359 848 3404 cum
866 3342 1036 3422 praesciret
1053 3344 1183 3426 angelos
1201 3345 1357 3424 quosdam

228 3467 282 3530 per
308 3448 485 3525 elationem,
513 3467 575 3531 qus
600 3448 662 3530 ipsi
689 3447 750 3511 eibi
776 3446 817 3510 ud
843 3447 967 3519 beatam
995 3449 1094 3511 nitsm
1121 3449 1267 3515 sulficere
1289 3452 1399 3516 uel-so

227 3555 301 3634 lent,
323 3554 402 3619 tenti
425 3553 499 3618 boni
523 3555 697 3617 desertores
719 3551 855 3627 futuros,
874 3570 933 3615 non
955 3552 1003 3616 eis
1025 3551 1143 3617 ademit
1165 3554 1246 3620 bunc
1269 3560 1356 3638 pote·

227 3665 352 3735 statem,
370 3660 531 3742 potentius
554 3663 586 3723 e't
608 3658 722 3722 melius
745 3676 815 3721 esse
832 3657 975 3721 iudicans
994 3658 1089 3722 etiam
1109 3659 1146 3723 de
1164 3661 1258 3725 molis
1276 3662 1355 3726 bene

227 3767 329 3832 lacere
352 3786 445 3849 qoam
467 3766 550 3830 mala
573 3784 643 3829 esse
665 3784 725 3828 non
745 3763 857 3828 sinere.
880 3764 968 3843 Quae
987 3765 1112 3829 omnino
1131 3765 1219 3830 nullo
1237 3781 1354 3843 essent,

229 3875 288 3938 nisi
314 3877 425 3939 nutum
450 3870 623 3948 mutabilis,
647 3870 792 3952 quamuis
816 3869 897 3934 bono
919 3874 952 3934 et
974 3889 993 3934 o
1013 3890 1138 3936 summo
1161 3871 1228 3935 Deo
1252 3873 1355 3955 adque

228 3978 477 4045 incommutabili
504 3977 596 4054 bono,
620 3977 674 4058 qui
700 3976 782 4040 bono
803 3975 908 4039 omniu
930 3976 1080 4053 condidit,
1101 3977 1260 4055 institute
1283 3997 1354 4060 pec-
1371 4000 1398 4041 ss.

262 4190 278 4241 3
297 4187 426 4240 ueriditos
441 4186 467 4257 ρ’
514 4186 577 4238 8et
594 4201 644 4238 om.
660 4202 679 4254 9
741 4183 812 4254 fidel,
831 4202 856 4237 m
876 4200 955 4242 eras..
971 4202 989 4253 y
1045 4183 1108 4238 binc
1126 4200 1232 4254 quoque
1251 4184 1353 4238 feceret

228 4274 342 4343 tidemp
425 4278 490 4330 9et
506 4274 637 4344 promisse
653 4289 703 4326 om,
718 4290 740 4341 p
822 4271 852 4327 ll
873 4272 1024 4326 homiuibus
1040 4271 1069 4342 9¹
1151 4274 1184 4327 14
1202 4270 1306 4326 deuirit
1322 4290 1353 4342 9,-

229 4355 375 4444 slluinenitb
431 4392 463 4444 ld
481 4390 570 4459 illico
640 4390 737 4454 nictus,
755 4389 855 4443 omisso
872 4388 967 4456 quob
1023 4389 1059 4441 ll
1078 4388 1194 4457 natural,
1214 4403 1229 4440 e
1247 4402 1353 4455 eroso

231 4478 261 4530 m
281 4479 364 4532 uellet
381 4477 502 4533 deserere
521 4479 646 4548 beqpp3
668 4478 739 4531 uelle
758 4475 864 4530 deseret
882 4496 913 4536 o,-
934 4475 1019 4529 uellet
1036 4474 1171 4529 desereret
1189 4491 1233 4529 oo
1251 4475 1351 4528 Dorob.

227 4564 324 4636 Demn]
335 4568 422 4620 cumb
464 4569 495 4621 18
508 4585 546 4634 eq.
561 4568 685 4620 continuo
695 4565 1029 4633 miseriamquereture93
1038 4564 1164 4617 continuo
1174 4579 1233 4616 cnm
1243 4563 1353 4616 miseris

228 4660 351 4711 secuturo
370 4654 441 4711 esset
449 4675 485 4725 p,·
501 4657 609 4710 miserie
627 4659 698 4708 esset
716 4659 839 4707 secuturo
857 4669 914 4709 suo.
933 4652 1030 4706 omisso
1049 4653 1183 4714 continuo,
1198 4650 1230 4715 ὸς
1245 4652 1353 4704 miseris

229 4747 354 4799 continuo
372 4747 552 4815 sequiture'jj,
566 4761 643 4797 eroso
662 4745 707 4812 qui
728 4744 773 4807 (?).
788 4743 826 4811 9¹5
845 4748 872 4795 et
886 4746 957 4795 cont.
971 4741 1078 4794 miseria
1096 4744 1217 4794 secuturo
1231 4759 1263 4804 α,·
1281 4747 1353 4794 cont.

230 4834 337 4888 miserie
354 4838 478 4887 secutura
492 4851 518 4896 c,
532 4851 582 4902 noy.
597 4850 617 4889 e.
632 4850 661 4896 o;
680 4833 786 4885 miseria
800 4836 871 4884 cont.
884 4833 1007 4883 secuturi
1021 4827 1048 4899 ρ2
1060 4829 1096 4900 (l)
1111 4828 1207 4883 Dono.
1247 4830 1279 4882 19
1294 4844 1353 4882 cum

227 4924 407 4992 supersmpto
425 4940 459 4975 m.
478 4929 498 4976 2
515 4924 577 4984 ism,
596 4922 611 4972 ὸ
700 4922 734 4973 22
755 4920 890 4989 potentius
909 4923 937 4972 et
954 4935 1041 4988 om
1134 4918 1168 4971 23
1187 4918 1290 4970 sineret
1308 4918 1354 4969 ab

230 5054 280 5109 que
299 5003 548 5092 omninowessentb
588 5039 622 5091 24
642 5036 764 5106 quamuis
776 5076 870 5090 ......
880 5033 1092 5088 incommutabili
1109 5049 1160 5087 om.
1177 5032 1206 5102 9¹
1248 5033 1284 5086 25
1302 5033 1353 5085 im-

230 5128 352 5181 mutabili
372 5144 390 5178 rs
460 5126 530 5180 bono
549 5142 598 5179 oni.
619 5127 634 5177 b
706 5126 793 5178 omniu
813 5123 883 5177 boun
902 5123 918 5175 b
