3217 6325
230 1183 294 1248 566
562 1183 589 1237 S.
608 1182 771 1240 ,Aurelii
796 1183 1009 1253 Augustini

229 1389 320 1452 quam
347 1369 399 1434 uel
424 1368 543 1434 tardius
570 1369 748 1456 liberentur,
774 1370 844 1436 Non
867 1375 942 1436 suut
964 1372 1080 1456 quippe
1103 1372 1136 1438 in
1166 1393 1207 1440 eo
1231 1377 1363 1444 uinculo

228 1477 325 1560 pacis.
348 1476 430 1558 quod
453 1477 507 1540 illo
532 1477 713 1560 exprimitur
735 1481 937 1544 sacramento.

272 1582 334 1648 Sed
355 1602 464 1648 rursus
488 1583 582 1647 etiam
604 1583 668 1658 isti,
696 1584 749 1665 qui
772 1587 856 1649 recte
879 1585 1075 1667 intellegunt,
1098 1601 1161 1651 non
1186 1586 1360 1653 dicendum

227 1709 295 1754 esse
319 1690 503 1754 manducare
525 1708 638 1770 corpus
657 1688 783 1768 Christi,
806 1690 860 1772 qui
878 1691 909 1754 in
932 1708 1058 1774 corpore
1074 1709 1138 1757 non
1155 1696 1210 1758 est
1228 1691 1358 1766 Christi.

227 1815 287 1858 nou
315 1798 399 1858 recte
425 1795 612 1877 promittunt
638 1795 694 1870 eis,
722 1795 774 1877 qui
801 1796 854 1859 uel
880 1795 911 1859 in
938 1794 1090 1861 haeresim
1118 1798 1172 1862 uel
1203 1799 1302 1863 etiam
1327 1801 1397 1868 ins

228 1902 391 1984 gentilium
419 1899 672 1983 superstitionem
700 1918 736 1964 ex
766 1899 853 1965 illius
881 1899 1017 1984 corporis
1042 1900 1163 1965 unitate
1192 1903 1358 1980 labuntur,

227 2007 439 2071 liberationem
471 2005 655 2087 quandoque
687 2006 725 2069 ab
757 2006 874 2070 aeterni
905 2006 977 2091 igne
1008 2006 1169 2090 supplicii3
1204 2010 1357 2091 primurn,

227 2114 300 2195 quia
331 2112 444 2176 debent
475 2111 649 2187 adtendere,
682 2131 774 2193 quam
806 2112 849 2177 sit
879 2112 1073 2178 intolerabile
1098 2112 1202 2197 adque
1229 2134 1248 2178 a
1278 2135 1358 2180 sana

224 2218 364 2288 doctrina
391 2218 483 2282 nimis
511 2217 647 2295 deuiam,
675 2224 711 2282 ut
733 2217 825 2282 multi
848 2236 883 2282 ac
906 2237 1002 2301 paene
1024 2238 1143 2298 omnes,
1165 2221 1223 2301 qui
1245 2220 1356 2286 baere-

226 2344 277 2390 ses
301 2325 401 2408 inpias
425 2323 627 2388 condiderunt
654 2326 799 2388 exeuntes
823 2323 860 2388 de
883 2323 1038 2390 catholica
1064 2324 1198 2390 ecclesia
1220 2329 1254 2391 et
1276 2323 1356 2392 facti
1374 2355 1401 2396 a

224 2436 298 2497 sunt
329 2430 569 2496 haeresiarchae.
601 2429 743 2493 meliores
776 2430 909 2495 habeant
939 2448 1060 2503 musas,
1091 2450 1185 2513 quarn
1218 2430 1262 2510 hi,
1298 2434 1357 2515 qni

225 2556 393 2617 numquam
417 2536 543 2600 inerunt
565 2535 721 2611 catholici,
741 2553 813 2599 cum
831 2535 862 2599 in
881 2554 987 2600 eorum
1006 2535 1133 2617 laqueos
1151 2536 1355 2614 incidissent,

226 2642 253 2707 si
273 2642 343 2705 illos
362 2640 590 2705 haeresiarchas
614 2641 671 2705 hoo
695 2640 770 2705 lacit
792 2640 916 2705 liberari
938 2641 1355 2725 asupplicio-sempiterno,

225 2747 308 2829 quod
344 2747 374 2810 in
411 2747 566 2812 catholica
601 2746 734 2810 ecclesia
769 2747 918 2828 baptizati
950 2751 1023 2811 sunt
1055 2750 1088 2812 et
1118 2753 1354 2816 sacramentnm

225 2853 361 2936 corporis
390 2850 505 2916 Christi
532 2852 562 2915 in
586 2871 659 2916 uero
684 2852 799 2918 Christi
826 2871 953 2934 corpore
979 2853 1124 2936 primitus
1147 2860 1352 2938 acceperuntr
1373 2885 1399 2925 rs

225 2978 296 3023 cum
319 2957 405 3040 peior
425 2958 469 3021 sit
491 2958 599 3040 ntique
623 2958 762 3022 desertor
783 2957 855 3021 fidei
874 2963 905 3023 et
923 2977 959 3023 ex
977 2958 1132 3024 desertore
1150 2960 1354 3044 obpugnabat

225 3063 292 3126 eius
325 3064 453 3128 effectus
485 3082 578 3144 qnam
609 3063 672 3141 ille,
705 3063 757 3144 qui
790 3083 848 3128 non
885 3064 1023 3129 deseruit
1057 3063 1141 3147 qaod
1174 3085 1351 3149 numquam

224 3171 339 3245 tenuit;
373 3170 482 3233 deinde
514 3171 587 3252 quia
618 3175 650 3234 et
678 3170 728 3233 his
761 3171 897 3236 occurrit
923 3172 1084 3254 apostolus
1112 3172 1220 3237 eadem
1251 3174 1352 3240 uerba

223 3275 379 3357 proferens
407 3279 438 3339 et
464 3276 650 3340 enumeratis
678 3275 741 3340 illis
769 3277 869 3341 camis
897 3277 1041 3360 operibus
1069 3277 1177 3343 eadem
1211 3281 1350 3346 ueritate

224 3381 417 3463 praedicens:
447 3378 623 3459 Quoniam
651 3382 712 3463 qui
739 3381 833 3446 talia
859 3386 982 3466 agunt,
1009 3402 1161 3467 regnum
1185 3383 1254 3448 Dei
1277 3404 1348 3452 non
1367 3415 1397 3459 ω

223 3487 481 3569 possidebunt.

269 3591 356 3657 Unde
383 3610 438 3656 nec
465 3592 512 3655 illi
539 3591 570 3655 in
597 3592 727 3674 perditis
754 3596 785 3658 et
813 3592 1039 3658 damnabilibus
1065 3594 1203 3659 moribus
1230 3595 1350 3662 debent

225 3716 294 3762 esse
317 3698 428 3773 securi,
453 3698 506 3779 qui
529 3717 629 3780 usque
652 3698 682 3762 in
705 3696 797 3763 finem
821 3699 945 3780 quidem
968 3700 1057 3764 uelut
1074 3699 1106 3764 in
1124 3701 1348 3767 communione

225 3804 373 3868 ecclesiae
401 3803 572 3869 catholicae
600 3807 809 3887 perseuerant,
840 3804 996 3869 intuentes
1023 3804 1107 3888 quod
1133 3805 1253 3871 dictum
1281 3811 1345 3873 est:

225 3910 293 3990 Qui
325 3912 628 3992 perseuerauerit
654 3930 769 3993 usque
795 3912 831 3976 in
859 3911 982 3988 linem,
1014 3912 1074 3976 hic
1102 3912 1230 3977 saluus
1260 3914 1345 3991 erit,
1364 3945 1393 3988 a

211 4020 257 4089 ⁴et
291 4034 345 4097 per
379 4016 463 4082 uitae
499 4018 694 4100 iniquitatem
730 4018 830 4101 ipsam
866 4018 951 4082 uitae
982 4017 1146 4095 iustitiam,
1181 4019 1265 4101 qnod
1297 4019 1345 4085 eis

129 4132 132 4137 ⁴
225 4121 368 4186 Christus
391 4126 447 4200 est,
471 4124 626 4201 desemnt,
650 4123 722 4188 siue
740 4124 917 4189 fornicando
946 4124 1012 4189 siue
1039 4123 1116 4188 alias
1139 4124 1344 4190 inmunditias

224 4226 422 4311 flagitiorum,
450 4248 526 4311 quas
549 4249 604 4295 nec
626 4230 793 4313 exprimere
816 4231 978 4314 apostolus
1001 4230 1114 4308 uoluit,
1141 4230 1172 4295 in
1195 4249 1253 4296 suo
1276 4249 1343 4297 cor-

223 4352 296 4416 pore
326 4333 540 4415 perpetrando,
575 4336 642 4400 siue
674 4337 867 4420 turpitudine
903 4336 1049 4401 luxuriae
1072 4335 1241 4402 diffluendo
1273 4339 1343 4404 siue

311 4556 344 4610 20
364 4555 422 4611 Gal.
441 4559 467 4619 5,
484 4559 516 4615 21
539 4603 542 4609 .
572 4559 605 4611 25
623 4558 670 4614 hit.
692 4559 733 4619 10,
753 4560 787 4613 22

259 4678 452 4734 lmanducare
470 4696 546 4747 arsa.;
564 4697 621 4734 eum
641 4682 832 4736 manducaret
910 4684 1047 4737 ilaercsea
1063 4701 1081 4753 q
1157 4684 1187 4737 11
1208 4682 1308 4738 abeant
1323 4702 1346 4753 p,

225 4767 264 4821 hii
280 4784 297 4837 p
369 4769 400 4822 15
418 4768 445 4821 in
464 4785 526 4821 uero
545 4768 645 4823 Christi
663 4769 748 4823 ora.b
825 4771 857 4825 lb
876 4770 968 4841 utique
986 4772 1054 4825 sito
1125 4771 1156 4826 17
1176 4768 1341 4841 quodnam·

225 4898 303 4952 quam
322 4884 438 4953 chapp
450 4881 516 4953 p²n,·
533 4883 604 4954 qnod
622 4902 674 4938 non
694 4885 718 4954 p¹
736 4886 848 4953 Dcrnb.;
865 4903 943 4956 quam
962 4903 1103 4957 numquam
1121 4903 1138 4941 a
1221 4886 1253 4940 le
1273 4851 1341 4942 eade

224 4972 339 5025 ueritate
357 4988 370 5023 e
422 4972 455 5025 22
474 4972 501 5025 in
520 4972 631 5040 perditis
651 4973 694 5025 ob
705 4989 806 5041 eppa·
824 4975 850 5027 in
871 4991 919 5028 om.
935 4974 1030 5029 Dorab.
1081 4976 1114 5029 24
1132 4975 1268 5029 intuentes
1280 5016 1285 5027 .
1296 5017 1302 5028 .
1314 5016 1341 5031 ..

224 5062 433 5127 peraenerauerit
451 5076 499 5113 om.
519 5078 533 5113 e
585 5061 619 5114 28
637 5062 774 5130 apostolus
793 5065 935 5131 exprimere
954 5081 969 5117 o
