3217 6325
255 1247 320 1309 570
598 1242 623 1296 S.
652 1242 803 1296 Aurelii
831 1242 1042 1310 Augustini

257 1437 364 1520 iguis
388 1436 584 1519 probabit.
610 1435 649 1500 Si
669 1437 785 1501 cuins
805 1454 902 1518 opus
922 1436 1190 1520 permanserit
1206 1438 1387 1519 (permanet

257 1543 338 1607 euim
361 1542 444 1625 quod
468 1543 600 1625 quisque
624 1542 741 1626 cogitat
765 1561 843 1624 quae
866 1547 940 1607 sunt
956 1542 1030 1619 Dei,
1054 1561 1115 1624 quo
1142 1542 1234 1629 modo
1257 1544 1385 1625 placeat

256 1648 347 1733 Deo),
372 1647 473 1732 quod
497 1647 865 1730 superaedificauit
887 1649 1104 1714 mercedem
1132 1648 1312 1733 accipiet
1336 1650 1382 1732 (id

256 1761 315 1832 est,
347 1754 428 1819 unde
460 1755 623 1836 cogitauit,
656 1754 715 1818 boc
742 1755 875 1840 sumet);
906 1757 939 1819 si
971 1756 1087 1820 cuins
1119 1758 1249 1820 antem
1280 1774 1382 1838 opus

256 1861 412 1938 arserit,
440 1860 613 1925 damnum
642 1862 823 1943 patietur
848 1862 1007 1943 (quoniam
1035 1860 1119 1944 quod
1145 1861 1296 1926 dilexerat
1319 1881 1381 1927 nou
1414 1883 1427 1923 r

256 1965 408 2049 babebit),
432 1966 518 2048 ipse
543 1970 671 2031 autem
696 1969 836 2032 saluus
860 1969 938 2031 erit
965 1968 1054 2052 (quia
1075 1967 1163 2032 nulla
1184 1986 1257 2032 eum
1279 1968 1381 2031 tribu·

255 2073 330 2137 latio
364 2072 401 2137 ab
429 2073 515 2136 illius
542 2072 733 2137 fundamenti
762 2074 935 2138 stabilitate
963 2073 1126 2154 remouit);
1158 2073 1216 2138 sic
1247 2075 1382 2138 tamen

256 2179 370 2261 quasi
402 2198 470 2261 per
500 2178 630 2263 iguem
662 2180 758 2262 (quod
789 2180 871 2244 enim
903 2180 970 2245 siue
1000 2180 1157 2245 inliciente
1186 2198 1289 2243 amore
1317 2198 1382 2244 nou

254 2284 373 2361 babuit,
397 2284 463 2350 sine
491 2289 599 2349 urente
626 2284 732 2351 dolore
760 2307 820 2353 uon
847 2287 972 2372 perdit).
1000 2287 1090 2364 Ecce,
1117 2290 1269 2368 quantum
1299 2285 1381 2351 mihi

254 2392 389 2466 uidetur,
420 2391 566 2456 inuentus
593 2396 643 2456 est
667 2392 760 2476 ignis,
788 2393 843 2475 qui
870 2394 992 2459 nullum
1019 2412 1124 2459 eorum
1153 2392 1290 2470 damnet,
1323 2392 1382 2455 sed
1400 2418 1426 2457 ro

255 2516 351 2561 unum
375 2496 463 2574 ditet,
487 2498 618 2561 alterum
643 2498 831 2576 damnificet,
855 2500 963 2564 ambos
985 2500 1105 2582 probet

299 2601 334 2668 si
365 2606 469 2667 antem
500 2604 603 2688 ignem
634 2605 725 2669 illum
751 2605 822 2670 loco
849 2606 912 2671 isto
939 2594 1132 2671 uolrierimus
1158 2604 1308 2688 accipere,
1341 2604 1380 2669 de

255 2727 316 2790 quo
341 2710 492 2775 Dominus
516 2711 599 2774 dicet
617 2711 767 2776 sinistris:
792 2711 1003 2776 Discedite
1025 2730 1044 2775 a
1064 2730 1131 2788 me,
1154 2711 1379 2786 maledicti,

254 2816 292 2879 in
320 2815 448 2897 ignem
477 2821 696 2892 aeteruum3
726 2821 762 2882 ut
788 2817 818 2882 in
846 2817 892 2882 eis
915 2818 1007 2881 etiam
1031 2816 1086 2882 isti
1108 2835 1178 2881 esso
1201 2815 1378 2893 credantur,

255 2923 309 3004 qui
340 2922 504 2986 aedificant
534 2943 626 3005 super
661 2923 896 2988 tundamentum
932 2922 1026 3005 ligna,
1064 2923 1178 3000 lenum,
1215 2921 1377 3005 stipulam,
1398 2946 1424 2985 rs

256 3045 371 3108 eosque
394 3046 430 3091 er
452 3028 508 3092 illo
531 3029 603 3113 igne
625 3034 698 3110 post
718 3034 842 3110 tempus
865 3047 919 3110 pro
943 3028 1033 3093 malis
1056 3029 1175 3093 meritis
1193 3028 1379 3111 inpartitum

254 3131 365 3199 liberet
390 3133 463 3198 boni
489 3135 635 3200 meritum
661 3134 870 3200 fundamenti:
903 3134 978 3217 qnid
1009 3134 1227 3201 arbitrabimur
1252 3133 1378 3200 dextros

255 3244 368 3327 quibus
397 3243 529 3308 dicetur:
557 3242 708 3319 Venite,
742 3242 946 3308 benedicti
974 3243 1104 3326 patris
1131 3241 1216 3320 mei,
1247 3242 1376 3325 possi·

256 3352 347 3416 dete
370 3352 549 3431 paratum
573 3349 687 3413 uobis
707 3369 878 3434 reguum,
897 3350 958 3413 nisi
977 3368 1041 3426 eos,
1060 3348 1115 3431 qui
1133 3347 1378 3416 aedificaueruut

256 3476 349 3540 super
370 3456 605 3521 fundamentum
629 3474 747 3531 aurum,
771 3459 944 3539 argeutum,
967 3455 1086 3538 lapides
1109 3455 1286 3537 pretiosos?
1313 3452 1377 3518 Sed
1394 3474 1422 3515 so

255 3564 287 3628 in
313 3563 404 3627 illum
427 3562 542 3644 ignem,
571 3560 692 3643 dequo
721 3562 925 3626 dictumest:
954 3561 1015 3626 Sic
1042 3564 1160 3625 tamen
1185 3558 1293 3641 quasi
1311 3578 1377 3640 per

256 3670 388 3753 ignem,
413 3669 439 3733 si
464 3668 521 3732 hoc
545 3666 635 3732 modo
659 3671 706 3731 est
728 3666 966 3750 intellegendus,
986 3667 1109 3750 utrique
1127 3664 1272 3730 mittendi
1290 3668 1376 3741 sunt,

249 3778 290 3840 ,θῖ
313 3775 408 3839 dextri
433 3775 555 3843 scilicet
578 3777 608 3836 et
630 3772 756 3837 sinistri.
779 3773 837 3838 illo
860 3773 975 3854 qnippe
993 3772 1065 3857 igne
1083 3773 1206 3854 utrique
1225 3759 1376 3854 probandi

258 3886 340 3957 suut,
373 3881 410 3944 de
443 3899 504 3961 quo
537 3879 654 3943 dictum
683 3882 747 3943 est:
775 3879 869 3945 Dies
900 3879 999 3943 enim
1023 3877 1261 3953 declarabit,
1286 3896 1375 3959 quo·

258 3989 359 4052 niam
386 3988 423 4050 in
452 3987 541 4069 igue
569 3985 830 4059 rarrelabitur,
863 3989 902 4050 et
928 3985 1247 4066 uniuscuiusque
1275 4001 1419 4065 opusas

258 4095 373 4176 quale
406 4093 467 4170 sit,
499 4092 605 4176 iguis
638 4093 835 4176 probabit.
868 4092 900 4158 Si
932 4110 1004 4175 ergo
1033 4095 1198 4172 utrumque
1229 4087 1376 4171 probabit

257 4199 349 4282 ignis,
378 4203 422 4274 ut,
455 4199 482 4262 si
510 4199 599 4263 cuius
627 4218 705 4281 opus
732 4198 945 4280 permanserit,
968 4198 1001 4262 id
1027 4201 1077 4263 est
1097 4216 1157 4261 uon
1184 4195 1279 4259 inerit
1301 4194 1374 4276 igne

258 4309 465 4380 consumtum,
489 4304 570 4385 quod
590 4304 859 4386 superaedificanit
875 4304 1047 4368 mercedem
1067 4302 1212 4386 accipiat;
1236 4299 1374 4365 siunins

258 4412 362 4473 autem
389 4429 466 4491 opus
496 4411 614 4486 arserit,
643 4410 788 4474 damnum
812 4411 960 4493 patiatur:
987 4410 1123 4492 proiecto
1150 4426 1210 4471 uon
1234 4409 1283 4469 est
1304 4404 1372 4484 ipse

258 4517 400 4580 aeternus
432 4517 484 4581 ille
509 4516 600 4600 ignis.
631 4517 780 4582 inillam
810 4517 889 4581 enim
917 4515 976 4580 soli
1004 4513 1121 4579 sinistri
1147 4510 1318 4578 nouissima
1342 4514 1374 4573 et
1391 4533 1418 4574 ao

348 4743 379 4794 13
397 4742 444 4795 Mt.
464 4742 506 4804 25,
524 4742 556 4794 41
613 4740 645 4794 18
663 4739 699 4793 ib.
718 4742 751 4795 34

295 4865 310 4919 6
329 4866 344 4919 9
364 4864 598 4933 abebit-abuitp
660 4866 675 4918 7
694 4866 809 4918 remouit
827 4882 840 4918 θ
845 4882 866 4932 p
885 4863 996 4928 Domb.;
1014 4864 1127 4917 remouit
1146 4861 1202 4930 αῖς
1222 4862 1313 4915 mouet
1327 4860 1373 4931 9¹,-

260 4955 345 5008 mouit
360 4953 413 5023 9²0
476 4954 505 5007 11
526 4953 658 5024 hunumg
722 4953 933 5007 12istolocoo
997 4955 1027 5006 13
1047 4952 1113 5006 dicit
1131 4966 1195 5021 epp
1248 4950 1370 5004 liarbi·

244 5041 403 5110 .trabitu19
439 5043 470 5096 18
488 5042 584 5112 quibus
602 5042 703 5096 dicetur
720 5059 754 5098 m.
769 5045 838 5097 2ec
855 5043 953 5113 quippe
973 5041 1007 5103 (?)
1028 5041 1124 5093 dicitur
1141 5055 1246 5108 comp
1280 5040 1315 5092 22
1329 5046 1372 5092 θεῖ

260 5147 399 5201 crcaumo
450 5129 483 5184 29
501 5133 619 5200 patiatur
636 5130 665 5185 b²
733 5131 778 5186 ille
796 5132 853 5202 ipse
873 5136 978 5186 eternus
997 5129 1099 5200 ignisb
1169 5129 1226 5200 ipse
1244 5144 1326 5182 onae
