3217 6325
222 1269 285 1332 602
558 1264 584 1317 S.
612 1261 766 1317 Aurelii
793 1259 1007 1334 Augustini

224 1456 317 1519 etiam
341 1455 379 1519 ah
402 1455 527 1520 informi
545 1453 680 1538 pondere
699 1452 895 1537 genitalium,
914 1472 986 1519 cum
1005 1452 1227 1537 baptizaretur,
1249 1452 1359 1518 saluus

224 1562 354 1626 enectus
390 1565 440 1627 est
474 1562 507 1626 et
541 1561 694 1626 liberatus
727 1564 859 1644 utruque
891 1561 1046 1633 molestia,
1083 1564 1247 1642 umquam
1281 1558 1359 1624 mali

224 1656 302 1732 nihil
332 1666 498 1732 habuisset
523 1668 553 1732 in
581 1685 719 1751 corpore,
743 1666 782 1732 de
805 1668 891 1732 fonte
914 1667 1156 1751 regenerationis
1183 1664 1360 1731 adscendit

226 1772 304 1853 Quia
327 1774 386 1839 hoc
409 1778 532 1856 praeter
553 1773 704 1839 Curubim
727 1774 819 1838 nouit
840 1775 873 1838 et
890 1777 1013 1858 praeter
1028 1772 1206 1838 rarissimos
1224 1772 1359 1855 ahquos.

226 1880 279 1962 qui
311 1880 371 1946 hoo
399 1880 590 1962 ubicumque
618 1879 726 1944 andire
753 1882 948 1964 potuerunt?
978 1878 1045 1944 Nos
1073 1888 1179 1943 antem
1203 1897 1276 1943 cnm
1299 1878 1360 1943 hoc
1389 1897 1402 1937 ι

227 1986 487 2069 conperissemns,
511 1986 637 2051 iubente
660 1992 768 2052 sancto
792 1986 941 2068 episcopo
960 1985 1087 2050 Aurelio
1106 1984 1201 2049 etium
1218 1985 1257 2049 nt
1274 1984 1361 2049 neni-

228 2097 275 2157 ret
297 2091 515 2178 Carthaginem
539 2092 681 2168 fecimus,
706 2093 851 2175 quamuis
874 2110 893 2155 a
913 2090 1032 2156 talibus
1050 2090 1138 2175 prius
1156 2090 1361 2165 audierimus,

229 2198 267 2263 de
290 2217 421 2282 qnorum
444 2197 505 2264 fide
528 2198 671 2264 dubitare
694 2217 754 2263 non
777 2217 955 2282 possemus.

273 2304 330 2369 Vir
351 2304 540 2370 tribunicius
563 2305 737 2388 Hesperius
760 2307 837 2390 aput
858 2324 915 2370 nos
939 2309 1004 2381 est3
1033 2304 1129 2369 hahet
1149 2304 1181 2369 in
1203 2304 1362 2369 territorio

228 2411 410 2476 Fussalensi
433 2410 564 2477 fundum
591 2410 726 2497 (Zubedi
759 2409 965 2495 appellatur);
998 2410 1052 2475 nbi
1079 2430 1151 2475 cnm
1183 2409 1363 2475 adflictione
1381 2429 1405 2467 ιι

231 2516 411 2581 animalium
435 2523 467 2582 st
488 2536 651 2583 seruorum
674 2537 803 2583 snorum
828 2518 956 2583 domum
975 2536 1065 2595 suam
1085 2516 1256 2600 spirituum
1274 2516 1364 2581 mali·

232 2641 362 2706 gnornm
390 2624 455 2687 nim
483 2623 604 2688 noriam
631 2624 752 2707 perpeti
780 2624 985 2707 conperisset,
1012 2624 1138 2708 rogauit
1162 2627 1291 2690 nostros
1313 2641 1364 2687 me

232 2727 360 2794 absente
391 2730 599 2813 presbyteros,
636 2734 673 2794 nt
704 2730 820 2812 aliquis
852 2749 959 2795 eorum
991 2729 1046 2794 illo
1082 2732 1234 2814 pergeret
1271 2729 1364 2795 cuins

233 2835 425 2901 orationibus
461 2836 615 2904 cederent.
652 2837 790 2902 Perrexit
820 2855 915 2917 nnus,
951 2836 1070 2902 obtulit
1099 2835 1144 2900 ibi
1174 2834 1364 2900 sacrificinm

234 2940 371 3022 corporis
391 2940 517 3017 Christi,
536 2960 626 3006 orans
646 2947 797 3024 qnantum
812 2942 930 3025 potnit,
949 2945 987 3006 ut
1003 2944 1142 3007 cessaret
1153 2939 1211 3005 illa
1222 2940 1365 3006 neuntio:
1383 2958 1407 2998 ιι

234 3044 301 3110 Deo
328 3046 470 3128 protinus
497 3048 665 3113 miserante
693 3048 841 3114 cessauit.
869 3048 1041 3131 Acceperat
1067 3051 1172 3112 autem
1200 3046 1239 3111 ah
1263 3046 1365 3112 amico

237 3172 294 3218 suo
326 3162 440 3219 terram
472 3159 612 3220 sanctam
641 3153 678 3219 de
706 3154 933 3239 Hierosolymis
960 3152 1107 3230 adlatam,
1135 3152 1190 3218 nbi
1218 3153 1365 3237 sepultus

238 3259 381 3326 Christus
403 3261 454 3325 die
477 3262 568 3326 tortio
591 3261 768 3340 resurrexit,
792 3279 921 3344 eamque
944 3260 1150 3343 suspenderat
1166 3259 1198 3324 in
1217 3260 1366 3326 cubiculo

238 3384 306 3444 suo,
334 3386 372 3431 ne
399 3368 474 3451 quid
496 3369 571 3432 mali
595 3368 690 3433 etiam
712 3369 780 3451 ipse
803 3372 972 3452 pateretur.
1001 3369 1062 3432 hst
1082 3365 1137 3431 uhi
1161 3367 1273 3431 domus
1297 3366 1366 3432 eins

238 3473 276 3537 ah
299 3473 353 3538 illa
375 3474 573 3539 infestatione
596 3478 729 3559 purgata
750 3477 811 3553 est,
834 3474 910 3558 qnid
933 3474 970 3539 (le
992 3473 1049 3542 illo
1066 3476 1148 3538 terra
1165 3473 1264 3551 fieret,
1283 3472 1369 3557 cogi·
1385 3490 1411 3528 so

239 3579 335 3657 tubat,
359 3599 452 3663 quam
475 3579 595 3645 (liutius
619 3582 649 3645 in
674 3580 819 3646 cubiculo
843 3599 901 3645 sno
925 3579 1118 3644 reuerentiae
1141 3597 1238 3643 cansa
1254 3577 1369 3642 habere

241 3686 374 3751 nolebat.
398 3687 492 3752 Forte
514 3686 638 3765 accidit,
661 3692 699 3752 nt
720 3705 778 3771 ego
798 3689 832 3751 et
849 3685 971 3771 collega
987 3687 1062 3750 tnnc
1081 3703 1181 3760 mens,
1201 3685 1369 3767 episcopus

241 3791 407 3857 sinitensis
429 3791 580 3857 ecclesiae
602 3793 801 3868 Maximinus,
826 3791 857 3857 in
879 3793 1018 3875 proximo
1043 3809 1201 3865 essemus;
1224 3792 1262 3854 nt
1283 3789 1370 3855 neni-

241 3916 345 3962 remus
368 3899 501 3981 rogauit,
534 3902 565 3963 st
591 3899 746 3964 uenimus.
772 3899 913 3981 Cumque
939 3898 1029 3963 nohis
1057 3897 1161 3963 omnis
1181 3897 1371 3974 rettulisset,

242 4004 335 4068 etiam
358 4003 417 4068 hoc
440 4005 562 4086 petiuit,
585 4009 622 4069 nt
643 4005 835 4070 infoderetur
857 4003 973 4070 alicubi
996 4004 1096 4086 adque
1122 4003 1168 4067 ihi
1195 4002 1372 4068 orationum
1389 4022 1415 4062 ac

242 4111 331 4175 loona
359 4110 457 4190 fieret,
485 4111 540 4176 ubi
562 4111 655 4176 etiam
680 4110 849 4176 Christiani
871 4112 1002 4194 possent
1024 4109 1062 4175 ad
1085 4107 1270 4174 celebranda
1292 4127 1372 4191 qnae

243 4215 301 4280 Dei
334 4222 409 4282 srrnt
439 4218 629 4301 congregari.
661 4217 731 4282 Non
759 4216 950 4294 rostitimns3
983 4216 1188 4281 factumest
1220 4214 1297 4279 Erat
1327 4213 1374 4278 ibi

176 4313 182 4326 ⁸
245 4322 366 4387 iuuenis
387 4322 577 4406 paralyticus
599 4323 787 4389 rusticanus.
810 4323 878 4387 Hoc
897 4321 1003 4386 audito
1022 4321 1138 4406 petiuit
1155 4340 1174 4385 a
1191 4318 1373 4404 parentibus

247 4428 324 4504 suis,
353 4431 388 4493 nt
414 4428 505 4492 illum
529 4427 566 4493 ad
590 4448 661 4492 eum
684 4429 788 4493 locum
818 4431 961 4492 sanctum
984 4446 1044 4492 non
1069 4430 1253 4493 cunctanter
1274 4425 1374 4491 odier-

281 4671 426 4726 cenubio
442 4689 474 4742 p,·
492 4671 618 4726 curbinc
658 4673 862 4742 Sponsimusp
900 4673 966 4727 llio
984 4687 1082 4766 maro:
1101 4670 1134 4725 de
1153 4669 1231 4724 domo
1249 4669 1375 4762 liesperia

249 4797 381 4853 uiolencia
396 4796 553 4850 daemonum
566 4796 720 4867 liberatup
758 4797 790 4850 10
804 4797 914 4851 fundum
929 4797 1002 4866 quie
1053 4793 1171 4857 achedei,
1184 4795 1216 4847 iss
1229 4810 1314 4863 morp.
1328 4809 1374 4846 au·

249 4884 320 4953 hedi,
338 4902 353 4940 e
404 4885 556 4956 appellatur
573 4886 665 4951 codd.,·
683 4886 875 4956 appellatumo
913 4885 944 4940 lc
963 4883 1007 4938 <lei
1024 4887 1154 4955 protenus
1172 4881 1374 4937 miseratioueb

250 4978 377 5043 protenus
393 4975 422 5045 φ’
512 4977 544 5031 19
564 4978 614 5029 Ast
631 4976 707 5030 codd.
723 4982 833 5044 praeter
851 4976 882 5040 b;
900 4973 963 5028 adei
979 4974 1009 5042 o,·
1027 4973 1096 5026 lto
1184 4973 1219 5026 22
1237 4970 1377 5038 accolitc

251 5065 285 5118 ‘26
304 5068 413 5133 possent
429 5062 575 5119 Christiani
593 5080 609 5119 u
676 5065 708 5118 27
728 5065 877 5118 resistimus
893 5081 909 5133 9
974 5063 1009 5116 28
1026 5063 1057 5114 iu
1075 5077 1160 5130 marp.
1180 5059 1213 5114 de
1232 5060 1376 5130 paralitico

253 5157 381 5223 sanatop
432 5151 467 5206 29
486 5155 641 5206 cunctanter
659 5152 861 5220 occupassem
879 5168 941 5221 p.o;
960 5154 1116 5204 cunctantes
1136 5166 1149 5216 p
1168 5148 1265 5203 Donat.
