3217 6325
225 1268 288 1333 562
559 1263 586 1315 S.
614 1260 767 1315 Aurelii
794 1260 1009 1328 Augustini

269 1462 313 1528 Ut
335 1462 440 1524 autem
463 1458 611 1523 nouerint
634 1456 689 1521 isti
711 1458 742 1521 in
766 1475 948 1541 peruersum
971 1456 1188 1520 misericordes
1208 1477 1272 1538 quo
1292 1478 1360 1539 per-

228 1568 328 1633 tineat
350 1566 434 1648 quod
458 1564 610 1647 scriptum
635 1567 697 1629 est:
730 1561 843 1641 Quam
868 1563 985 1627 multa
1006 1562 1210 1627 multitudo
1235 1563 1358 1629 dulos-

228 1673 327 1736 dinis
351 1675 448 1746 tuae,
472 1669 637 1745 Domine,
661 1688 768 1751 quam
796 1668 1029 1733 abscondisti
1056 1668 1282 1734 timentibus
1306 1674 1357 1735 te!

228 1781 337 1863 legant
360 1776 443 1859 quod
467 1775 623 1857 sequitur:
656 1775 859 1840 Perfecisti
893 1778 1013 1839 antem
1047 1776 1289 1855 sperantibus
1323 1777 1356 1841 in

228 1887 273 1948 te.
299 1882 382 1962 Quid
406 1885 456 1947 eet
478 1880 711 1945 abscondisti
735 1881 967 1957 timentibus,
991 1881 1187 1962 perfecisti
1211 1901 1357 1964 speran-

228 1989 342 2066 tibus,
370 1988 430 2053 nisi
458 1988 533 2069 quia
558 1987 634 2064 illis,
662 1987 716 2068 qui
743 1987 855 2051 timore
883 2006 1050 2069 poenarum
1079 2006 1167 2051 suam
1198 1989 1355 2052 iustitiam

229 2096 342 2159 uolunt
360 2094 550 2161 constituere
569 2112 649 2174 quae
667 2093 698 2157 in
718 2094 789 2176 lego
808 2095 867 2168 ost,
881 2112 940 2157 non
961 2096 1010 2157 est
1028 2093 1152 2158 iustitia
1166 2094 1224 2159 Dei
1242 2095 1357 2171 dulciS,

229 2202 304 2283 quia
325 2201 471 2265 nesciunt
488 2202 577 2264 eam?
601 2199 670 2263 Non
689 2200 771 2263 enim
790 2202 999 2282 gustauerunt
1015 2218 1094 2263 earn.
1116 2200 1151 2264 In
1171 2219 1204 2263 se
1223 2219 1358 2283 namque

229 2310 364 2387 eperunt,
383 2325 443 2370 non
466 2306 497 2370 in
521 2305 601 2385 ipso,
621 2308 653 2368 et
675 2303 745 2369 ideo
769 2305 814 2368 eis
838 2303 1040 2369 absconditur
1061 2305 1232 2369 multitudo
1252 2306 1357 2370 dulce·

229 2412 311 2477 dinis
343 2411 417 2486 Dei3
450 2410 594 2492 quoniam
627 2409 741 2473 timent
771 2409 898 2491 quidem
929 2410 1041 2487 Deum,
1071 2410 1127 2474 sed
1158 2411 1212 2474 illo
1244 2412 1357 2475 timore
1375 2432 1401 2470 ro

230 2518 349 2595 seruili,
378 2516 432 2600 qni
463 2535 523 2581 non
555 2518 605 2580 est
631 2516 662 2579 in
690 2515 830 2597 cantato,
858 2516 932 2597 quia
961 2517 1099 2599 perfecta
1130 2518 1243 2582 caritas
1270 2515 1357 2582 'foras

230 2622 331 2688 mittit
353 2621 508 2686 timorem.
545 2620 619 2685 Ideo
648 2620 844 2703 sperantibus
867 2620 898 2683 iu
922 2639 994 2685 oum
1017 2621 1138 2703 perficit
1159 2622 1357 2687 dulcedinem

231 2747 321 2793 suam
352 2727 531 2810 inspirando
559 2726 609 2791 eis
643 2727 804 2791 caritatem
836 2746 936 2801 suam,
964 2731 1001 2792 ut
1030 2728 1142 2793 timore
1169 2731 1267 2804 casto,
1296 2747 1356 2792 non

224 2844 325 2918 ¹quem
357 2833 469 2898 caritas
497 2833 580 2898 foras
608 2833 718 2900 mittit.
746 2832 801 2917 sed
828 2837 1026 2916 permanente
1053 2834 1083 2898 in
1107 2834 1269 2899 saeculum
1292 2853 1357 2905 sae-

211 2939 306 3015 culi,
335 2958 407 3004 cnm
434 2939 616 3023 gloriantur,
644 2938 675 3001 in
704 2938 838 3003 Domino
866 2938 1048 3020 glorientur.
1083 2938 1211 3003 Iustitia
1241 2940 1357 3023 quippe
1376 2958 1401 3001 rr

233 3046 292 3110 Dei
321 3043 465 3110 Christus
492 3055 551 3120 est,
579 3044 642 3125 qui
673 3043 798 3109 factus
831 3049 888 3108 est
919 3043 1035 3121 nobis,
1063 3043 1146 3110 sicut
1176 3044 1255 3109 dicit
1285 3065 1359 3129 apo¹

235 3142 348 3227 stolus,
372 3148 561 3235 sapientia
586 3167 606 3213 a
627 3148 702 3213 Deo
732 3153 767 3213 et
794 3148 947 3214 iustitia
973 3152 1009 3214 et
1039 3150 1299 3218 sanctificatio
1322 3157 1358 3217 et

233 3255 428 3332 redemtio,
450 3258 502 3332 nt,
526 3273 629 3336 quom
657 3255 701 3319 ad
728 3255 874 3319 modum
902 3257 1082 3338 scriptum
1105 3262 1172 3332 est,
1195 3258 1258 3340 qni
1281 3259 1358 3342 glo·

233 3363 363 3439 riatur,
390 3361 426 3424 in
454 3359 608 3425 Domino
640 3361 835 3443 glorietur.
870 3360 959 3424 Hanc
987 3360 1044 3425 Dei
1071 3362 1236 3440 iustitiam,
1264 3383 1357 3446 quarn

234 3469 329 3533 donat
360 3466 460 3552 gratia
490 3466 557 3531 sine
589 3465 720 3543 meritis,
748 3465 892 3531 nesciunt
916 3466 975 3542 illi,
1003 3467 1056 3548 qui
1084 3475 1172 3534 snum
1203 3468 1357 3533 iustitiam
1374 3489 1401 3529 rr

234 3574 348 3638 uolunt
374 3573 575 3649 constituere,
604 3576 636 3635 et
661 3570 731 3636 ideo
759 3572 901 3636 iustitiae
929 3573 997 3650 Dei,
1021 3573 1103 3655 quod
1132 3577 1181 3638 ost
1202 3572 1357 3651 Christus,

235 3697 295 3744 non
319 3680 395 3742 sunt
416 3677 560 3743 subiecti.
583 3676 619 3740 ln
644 3695 705 3758 qua
727 3676 848 3740 iustitia
870 3682 920 3741 est
941 3679 1041 3742 multa
1062 3678 1232 3744 multitudo
1255 3679 1358 3744 dnlce-

237 3785 318 3848 dinis
341 3782 410 3859 Dei,
434 3786 562 3865 propter
584 3799 677 3862 quarn
702 3781 818 3845 dicitur
839 3782 869 3845 in
892 3784 1028 3863 psalmo:
1062 3782 1218 3849 (instato
1247 3788 1283 3849 at
1309 3786 1358 3849 ni·

237 3891 321 3954 dete
350 3908 456 3970 quam
485 3887 607 3952 dulcia
630 3892 688 3951 est
710 3887 899 3953 Dominus.
937 3888 976 3952 ar
998 3889 1076 3953 banc
1099 3889 1223 3972 quidem
1246 3890 1278 3954 in
1301 3892 1359 3955 bae

236 3994 485 4078 peregrinatione
516 3996 692 4076 gustantes,
720 4012 780 4057 non
813 3993 852 4056 ad
884 3994 1060 4058 satietatem
1093 4001 1262 4070 sumentes,
1290 4015 1358 4061 esn-
1375 4017 1400 4056 s

238 4102 335 4165 rimus
366 4118 434 4164 eam
461 4100 567 4181 potins
595 4117 630 4162 ac
659 4099 794 4175 sitimus,
818 4102 856 4163 ut
882 4116 918 4161 ea
945 4104 1053 4181 postea
1080 4104 1264 4177 saturemur,
1288 4120 1358 4166 cum

237 4207 417 4271 uidebimus
445 4225 528 4282 eum,
552 4205 646 4269 sicuti
674 4208 731 4280 est,
757 4206 984 4289 etinplobitur
1011 4205 1094 4288 quod
1121 4207 1358 4288 scriptumest:

240 4312 454 4388 Saturnbor,
479 4330 559 4375 cum
587 4311 895 4376 manifestabitur
917 4312 1038 4395 gloria
1059 4315 1132 4376 tua.
1168 4312 1218 4376 Ita
1238 4311 1360 4394 perlicit

327 4569 520 4647 arnecto
587 4570 698 4624 bitom.
719 4572 796 4632 10,3
865 4570 1096 4636 111.10.4,18
1160 4571 1360 4633 161.cor.1‚

241 4659 275 4712 30
294 4674 333 4726 sq.
386 4657 513 4714 rinnon.
535 4658 610 4724 10,3
664 4659 857 4726 carneae
910 4661 943 4713 ar
965 4660 1113 4724 1.10.a‚a
1162 4660 1253 4716 asos.
1271 4662 1311 4717 rc.
1329 4663 1359 4714 15

277 4810 409 4903 2⁶rnagna
427 4834 479 4898 bc;
497 4835 528 4886 in
545 4792 773 4903 marp'inultam
845 4834 1059 4888 5mofuentibus
1078 4855 1095 4886 α
1170 4836 1258 4889 billis
1277 4854 1329 4892 om.
1345 4855 1362 4905 p

242 4922 520 4976 noluntiustitiumo
592 4922 624 4976 10
642 4924 669 4975 in
688 4923 769 4976 illob
844 4925 872 4975 ll
893 4924 963 4976 foras
982 4939 1031 4976 om.
1050 4924 1073 4975 e¹
1137 4924 1183 5001 Ι15
1201 4925 1228 4976 in
1247 4925 1362 4978 Domino

242 5055 292 5090 om.
310 5055 328 5106 p
414 5038 446 5090 21
468 5035 590 5092 Christus
610 5037 683 5091 esto
771 5039 805 5092 22
824 5039 956 5106 magnab
1044 5039 1077 5093 26
1096 5003 1284 5101 adiecerim,
1304 5043 1364 5102 2,e

243 5126 276 5178 28
295 5123 510 5178 manifestabitur
527 5123 593 5178 mihi
611 5125 696 5194 gloria
715 5144 731 5175 α
801 5125 914 5195 perfecit
932 5143 950 5179 o
