3217 6325
216 1291 282 1356 334
561 1283 588 1339 S,
615 1281 770 1336 Aurelii
797 1281 1015 1351 Auguetini

661 1473 797 1540 CAPUT
820 1474 904 1539 XXI.

221 1621 274 1690 ue
306 1621 489 1686 nouitate
522 1617 704 1699 eorporis
734 1616 953 1700 spiritalis,
984 1616 1022 1682 in
1051 1637 1165 1701 quam
1195 1625 1354 1685 sancto·

555 1743 635 1788 rum
661 1741 750 1787 caro
774 1722 1009 1789 mutabitur.

262 1867 468 1934 Restituetur·
491 1882 566 1949 ergo
601 1862 755 1946 quidquid
787 1862 825 1927 de
862 1864 1044 1947 corporibus
1076 1866 1161 1931 uiuis
1193 1867 1245 1930 uel
1278 1873 1355 1948 post

219 1980 351 2042 mortem
383 1971 420 2036 de
451 1969 656 2035 cadaueribus
687 1969 791 2053 periit,
825 1975 857 2034 et
889 1970 983 2034 simul
1016 1990 1086 2035 curn
1120 1991 1167 2049 eo,
1202 1973 1288 2056 quod
1319 1975 1352 2037 in
1385 1995 1398 2034 e

218 2078 369 2166 repuleris
392 2075 550 2148 remansit
573 2075 604 2138 in
628 2074 780 2157 spiritalis
800 2076 940 2159 corporis
958 2078 1130 2141 nouitatem
1149 2097 1185 2142 ex
1204 2079 1353 2144 animalis

218 2186 354 2272 eorporis
380 2185 540 2248 uetustate
567 2184 727 2246 mutatum
755 2186 901 2265 resurget
925 2182 1155 2266 incorruptione
1179 2183 1282 2266 adque
1305 2185 1352 2248 in-

217 2292 405 2363 mortalitate
441 2288 603 2352 uentitum.
642 2285 705 2352 Sed
742 2288 803 2353 etei
839 2289 891 2354 uel
927 2308 1002 2355 oaeu
1039 2289 1143 2372 aliquo
1176 2291 1267 2375 graui
1298 2291 1353 2356 uel

216 2399 411 2469 inimieorum
438 2393 621 2459 inmanitate
649 2398 751 2458 totum
775 2394 902 2476 penitus
931 2399 1109 2461 conteratur
1131 2397 1161 2462 in
1184 2397 1351 2482 puluerem

217 2507 316 2589 adque
338 2504 369 2567 in
393 2518 483 2566 aurae
506 2500 559 2564 uel
581 2500 613 2564 in
637 2519 735 2583 oquae
760 2501 948 2583 dispersum,
971 2508 1124 2584 quantum
1146 2502 1394 2586 fieripoteet.1o

216 2628 371 2690 nunqnam
404 2624 473 2670 ease
501 2605 621 2670 sinatur
649 2607 791 2671 omnino:
824 2608 1032 2673 nullomodo
1059 2609 1200 2675 subtrahi
1231 2611 1351 2692 poterit

217 2711 459 2797 omnipotentiae
483 2711 651 2789 Cremona,
675 2712 729 2776 sed
753 2713 887 2796 capillus
905 2714 937 2779 in
956 2734 993 2779 eo
1012 2715 1124 2797 eapitis
1143 2735 1203 2780 non
1222 2717 1349 2798 peribit.

216 2823 283 2894 urit
306 2837 378 2904 ergo
401 2817 528 2902 epiritni
552 2816 679 2882 subdita
701 2837 772 2882 cero
796 2818 959 2903 spiritalis,
984 2819 1040 2885 aed
1058 2823 1161 2886 tamen
1181 2840 1263 2898 caro,
1287 2840 1348 2886 non

216 2928 360 3016 spiritum
389 2924 474 2989 eiout
500 2923 584 2988 oarni
612 2923 758 2989 subditus
788 2924 848 2989 iuit
876 2926 1008 3007 spiritua
1031 2926 1099 3009 ipse
1122 2926 1264 3003 cunulis,
1292 2926 1348 2991 sed

215 3044 317 3108 tamon
341 3031 482 3114 spiritua,
505 3049 566 3094 non
590 3048 671 3094 earo.
696 3030 794 3095 Cuius
817 3030 862 3096 rei
880 3032 1033 3096 habemus
1051 3033 1297 3116 experimentum
1315 3033 1346 3096 in
1368 3056 1390 3094 n

216 3145 337 3215 nostrae
360 3156 477 3224 poenae
500 3136 708 3202 deformitate.
737 3135 807 3203 Non
832 3137 914 3202 eninr
939 3137 1111 3204 seeundum
1134 3157 1268 3218 earnem,
1292 3139 1348 3205 eod

216 3250 323 3333 utique
342 3244 514 3311 secundum
534 3243 679 3326 spiritum
699 3244 840 3310 carnales
859 3249 956 3323 erant,
975 3246 1091 3328 quibus
1105 3247 1150 3311 ait
1167 3247 1347 3329 apostolus:

217 3356 299 3428 Non
339 3351 453 3436 potui
494 3350 611 3415 nobie
651 3351 765 3432 loqui
807 3351 924 3433 quani
961 3352 1237 3435 spiritalibus.
1279 3351 1347 3417 ned

217 3458 332 3552 qunti
355 3456 605 3531 carnalibue;
630 3461 662 3521 et
684 3457 777 3521 homo
802 3457 954 3541 spiritalia
978 3459 1025 3523 oio
1047 3458 1077 3522 in
1101 3457 1159 3524 hao
1181 3459 1250 3524 uita
1272 3460 1349 3527 dioi-

216 3574 277 3647 tur,
313 3569 350 3629 ut
380 3567 485 3627 temen
523 3580 649 3645 oorpore
682 3562 784 3629 adhue
813 3564 945 3629 earnalia
977 3564 1021 3629 eit
1052 3569 1084 3629 et
1114 3564 1221 3630 uideat
1253 3567 1348 3632 eliam
1366 3587 1392 3626 ro

216 3676 318 3761 togam
345 3670 376 3735 in
403 3668 551 3733 membris
579 3669 646 3734 suis
673 3673 898 3754 repugnantem
925 3670 989 3754 legi
1021 3671 1135 3736 mentia
1162 3690 1255 3748 anaor
1288 3675 1350 3739 erit

217 3784 320 3853 eutem
348 3775 442 3840 etiam
471 3793 598 3856 corpore
627 3774 790 3856 spiritalis,
819 3795 891 3840 oum
915 3775 1021 3840 eadem
1051 3795 1120 3841 earo
1145 3778 1190 3842 sio
1211 3797 1348 3844 rerurre-

217 3886 302 3963 rorit,
330 3885 368 3948 ut
389 3881 443 3947 fiat
467 3880 549 3963 quod
573 3880 725 3962 seriptum
749 3886 814 3946 est:
843 3880 1073 3948 Seminatur
1100 3902 1246 3967 eorpus
1270 3887 1348 3950 ani-

217 3994 325 4069 mle,
357 3991 546 4070 resurget
578 4006 722 4069 eorpue
753 3987 956 4072 epiritale.
989 3986 1075 4068 Quae
1106 3990 1149 4054 eit
1176 3996 1283 4055 autem
1316 3998 1349 4056 et

216 4116 308 4197 quarn
332 4112 444 4180 magna
466 4093 616 4176 spiritalis
640 4093 778 4178 eorporis
803 4093 914 4179 gratia
937 4096 1084 4178 quoniam
1101 4095 1239 4161 nondum
1257 4098 1391 4163 ueniter

217 4201 528 4289 interponentem,
560 4218 669 4265 uereor
694 4219 733 4265 ne
761 4201 959 4273 temerarium
989 4202 1033 4267 eit
1059 4220 1159 4279 omne,
1191 4203 1276 4285 quod
1308 4204 1348 4269 de

218 4318 273 4395 mn
294 4308 457 4401 protertur,
481 4306 650 4389 eloquium.
673 4306 790 4371 Verum
814 4310 918 4373 tamen
942 4307 1016 4391 quia
1038 4308 1105 4392 spei
1128 4312 1252 4374 nostrae
1269 4329 1348 4394 gau·

218 4424 302 4501 grum
333 4417 460 4504 propter
489 4412 549 4477 Dei
579 4412 706 4478 laudem
737 4431 798 4478 non
827 4416 877 4478 oet
903 4414 1068 4479 tacendum
1096 4418 1130 4480 et
1155 4414 1193 4480 de
1223 4414 1347 4481 intimis

219 4522 352 4611 mtto
370 4520 470 4586 eanoti
490 4518 605 4584 amorio
624 4518 772 4584 medullis
791 4519 911 4585 dietum
931 4524 995 4587 eat:
1018 4521 1197 4597 Domine,
1218 4522 1346 4587 dilexi

220 4642 396 4717 tutorem
421 4625 558 4691 domus
581 4628 689 4690 tuae:
715 4624 752 4690 de
775 4625 864 4690 donis
888 4625 967 4704 eius,
991 4629 1124 4709 quaein
1147 4627 1205 4693 hae
1224 4647 1346 4694 aerum·
1364 4653 1391 4693 ao

309 4840 382 4905 181.
402 4832 461 4892 Gor.
481 4834 539 4906 3„1
577 4832 705 4891 nouom
725 4834 749 4895 2,
769 4833 803 4888 23
840 4833 1113 4899 231.(tor.15‚44
1148 4837 1182 4891 23
1200 4836 1245 4891 Pe.
1263 4836 1345 4900 25,8

258 4982 352 5045 wgo
371 4963 431 5019 eto
483 4956 832 5027 tnonitetem..oorporie
850 4973 936 5027 om.9
997 4959 1206 5064 treaurgegttp
1259 4961 1292 5014 12
1312 4976 1343 5015 eo

231 5088 320 5163 ,οἱ
353 5080 384 5141 tu
402 5073 448 5146 spu
468 5077 512 5139 (=
532 5053 674 5141 spiritate
709 5073 743 5128 20
761 5077 792 5126 ut
810 5073 934 5127 nideete
969 5075 1004 5128 23
1023 5076 1200 5144 seminatorp
1247 5076 1282 5129 24
1300 5092 1343 5130 re-

231 5188 319 5261 *
331 5160 525 5241 oropum
542 5163 657 5230 resurgit
676 5161 717 5230 p¹,·
734 5167 827 5237 turget
845 5178 858 5216 e
911 5165 946 5217 25
966 5164 1064 5232 quiap
