3217 6325
285 1244 350 1309 652
625 1242 651 1295 S.
679 1240 833 1295 Aurelii
860 1235 1074 1311 Augustini

284 1435 419 1500 diximus
446 1435 587 1500 futurum
615 1453 739 1518 corpus,
766 1434 919 1500 nimime
946 1434 1118 1502 beatenon
1141 1436 1209 1512 erit,
1237 1438 1299 1503 nisi
1323 1458 1416 1506 omno

286 1560 401 1623 corpus
425 1540 577 1624 effugerit
602 1539 663 1606 Sed
685 1540 746 1605 iam
772 1542 805 1604 et
825 1540 898 1604 bino
919 1539 950 1605 in
973 1541 1052 1605 libro
1069 1545 1241 1613 memoras»
1259 1549 1414 1627 quantum

285 1648 425 1732 oportuit
447 1646 624 1729 disputnui;
653 1665 764 1711 uerum
790 1645 842 1710 bic
864 1666 961 1711 unum
983 1646 1057 1712 inde
1078 1650 1201 1713 tantum
1223 1669 1413 1719 commemo

283 1754 368 1818 rubo.
398 1752 551 1818 Emendet
580 1751 677 1817 libros
709 1770 785 1822 suos
814 1752 947 1817 istorum
979 1754 1117 1818 omnium
1145 1755 1296 1840 magister
1321 1757 1413 1824 Plato

285 1863 319 1924 ot
340 1858 425 1924 dicat
453 1877 560 1924 eorum
583 1858 669 1935 deos,
696 1861 734 1923 ut
754 1858 839 1924 beati
857 1859 930 1935 sint,
957 1877 1016 1927 sus
1038 1877 1166 1941 corpora
1187 1861 1356 1945 fugituros,
1378 1864 1412 1929 id
1438 1882 1451 1923 ι

286 1969 337 2030 est
356 1976 428 2029 essa
452 1964 630 2042 morituros,
653 1982 732 2046 quos
754 1964 786 2028 in
810 1963 997 2029 caelestibus
1016 1964 1196 2047 corporibus
1214 1965 1294 2032 dixit
1310 1969 1412 2033 inclu-

285 2088 355 2143 sos;
378 2069 493 2151 quibus
516 2074 620 2134 tumen
642 2068 739 2141 Deus,
767 2087 786 2132 a
808 2087 869 2151 quo
892 2069 968 2133 facti
990 2073 1074 2145 sunt,
1103 2089 1164 2152 quo
1188 2076 1319 2154 possent
1340 2092 1411 2139 csse

285 2175 398 2250 securi,
425 2174 690 2248 inmortalitatem,
718 2174 751 2238 id
779 2178 829 2238 est
851 2176 881 2239 in
908 2175 1026 2240 eisdem
1049 2176 1230 2258 corporibus
1253 2183 1410 2244 aeternam

285 2281 542 2365 permansionem,
565 2299 624 2346 non
650 2300 756 2345 eoram
779 2284 890 2345 ustura
911 2281 942 2344 id
961 2281 1104 2359 habente,
1128 2282 1183 2347 sed
1202 2302 1259 2347 suo
1278 2285 1410 2351 oonsilio

285 2388 494 2473 praeualente,
526 2387 680 2471 promisit.
712 2386 773 2454 Ubi
805 2389 900 2453 etiam
931 2388 1011 2453 illud
1038 2389 1151 2453 euertit
1180 2389 1262 2472 quod
1290 2390 1409 2468 dicunt,
1428 2412 1452 2454 r·

286 2495 433 2577 quoniam
456 2495 506 2558 est
526 2493 729 2575 inpossibilis,
752 2493 822 2557 ideo
849 2494 1103 2559 resurrectionem
1132 2495 1233 2560 caruis
1255 2515 1315 2561 non
1339 2516 1410 2562 esse

285 2600 480 2665 credendam.
516 2598 721 2682 Apertissime
752 2600 867 2683 quippo
896 2600 983 2665 iuxta
1013 2601 1145 2666 eundem
1176 2602 1410 2685 philosophum,

286 2707 341 2770 ubi
367 2706 416 2772 dis
443 2725 518 2771 nse
540 2706 632 2771 iactis
659 2705 804 2788 promisit
826 2706 912 2772 Deus
934 2726 993 2771 nou
1016 2708 1119 2772 factus
1140 2707 1410 2787 inmortalitatem,

286 2810 371 2894 quod
401 2811 584 2894 inpossibile
615 2815 665 2875 est
695 2829 729 2875 se
756 2810 835 2876 dixit
860 2831 930 2877 esse
956 2812 1122 2876 iactumm.
1151 2811 1204 2877 Sic
1229 2813 1410 2878 enimcum

285 2917 428 2982 locutum
453 2922 557 2982 narrat
578 2917 684 2983 Plato:
713 2916 878 2997 ‘Quoniam
901 2917 978 2982 estis
1001 2917 1072 2993 orti,
1094 2918 1205 3001 iuquit,
1227 2917 1409 2984 inmortales
1429 2943 1452 2981 rs

287 3041 357 3087 esso
385 3029 417 3088 el
442 3023 676 3089 indissolubiles
704 3042 763 3090 non
792 3023 941 3108 potestis3
969 3042 1028 3087 non
1056 3028 1159 3088 tamen
1191 3023 1410 3088 dissoluemini

287 3148 388 3213 neque
420 3146 477 3194 uos
509 3129 574 3194 ulle
604 3130 714 3195 mortis
746 3129 811 3195 iata
845 3130 998 3213 periment
1028 3147 1084 3194 neo
1115 3132 1206 3194 erunt
1236 3130 1411 3196 ualentiora

287 3255 381 3318 quam
409 3236 574 3301 consilium
601 3255 717 3311 meum,
744 3236 827 3318 quod
855 3237 955 3301 maius
978 3240 1027 3301 est
1054 3236 1215 3300 uinculum
1239 3235 1278 3300 nd
1300 3255 1409 3319 perpe-

286 3342 433 3407 tuitatem
464 3348 601 3408 uestram
634 3361 727 3425 quam
758 3343 815 3407 illa
840 3342 954 3425 quibus
982 3343 1058 3406 ostis
1087 3342 1257 3424 conligati)
1288 3341 1408 3407 Sinon

287 3447 389 3511 solum
422 3447 560 3524 absurdi,
591 3447 645 3512 sed
678 3447 763 3511 surdi
794 3465 856 3512 nort
886 3452 960 3512 sunt
986 3447 1040 3529 qui
1066 3447 1142 3512 baec
1173 3447 1313 3525 audiunt,
1345 3466 1408 3512 non
1426 3472 1453 3513 rs

287 3553 397 3636 utique
419 3553 564 3617 dubitant
586 3553 633 3618 dis
656 3553 748 3617 iactis
770 3552 809 3617 ab
831 3552 886 3618 illo
908 3552 974 3617 Deo
994 3553 1046 3635 qui
1070 3571 1123 3617 eos
1141 3552 1216 3617 tecit
1233 3552 1408 3617 secundum

287 3659 449 3725 Platonem
482 3659 565 3742 quod
592 3662 640 3724 esi
667 3658 848 3743 inpossibile
874 3659 972 3724 fuisso
998 3658 1198 3740 promissum.
1235 3655 1296 3736 Qui
1324 3659 1406 3721 enim

286 3764 379 3830 dicit:
411 3765 485 3831 ‘Vos
518 3765 641 3849 quidem
674 3764 853 3830 inmortales
884 3782 953 3828 esee
984 3783 1044 3830 nou
1076 3763 1219 3847 potastis.
1252 3763 1307 3828 sed
1335 3781 1408 3827 mea

286 3855 448 3936 uoluntate
475 3871 656 3935 inmortales
683 3869 791 3945 eritis,’
818 3868 893 3951 qnid
920 3867 1005 3934 alind
1032 3868 1110 3933 dicit
1135 3888 1227 3951 quam
1256 3867 1298 3931 ‘id
1321 3867 1406 3949 qnod

286 3976 352 4041 fieri
374 3994 433 4041 uon
456 3979 560 4057 potest
582 3993 632 4039 me
655 3974 787 4040 faciente
810 3978 913 4038 temen
936 3973 1056 4038 eritis’?
1082 3972 1140 4038 Illo
1162 3972 1260 4056 igilur
1281 3990 1405 4037 carnem
1423 3999 1450 4039 as

284 4080 561 4165 incorruptibilem,
583 4081 791 4156 inmortalem,
814 4079 985 4162 spiritalem
1009 4078 1220 4155 resuscitabit,
1243 4078 1296 4159 qui
1319 4078 1407 4142 iuxta

285 4188 446 4253 Platonem
471 4187 504 4252 id
527 4187 608 4270 quod
631 4185 813 4269 inpossibile
837 4189 885 4249 eet
911 4203 945 4248 se
971 4184 1126 4248 iactumm
1154 4203 1223 4248 esse
1250 4184 1405 4266 promisit.

285 4295 367 4376 Quid
396 4293 507 4372 adbuc,
535 4293 617 4376 quod
640 4291 784 4374 promisit
805 4290 900 4363 Deus,
924 4289 1007 4372 quod
1030 4288 1095 4354 Deo
1124 4289 1316 4373 promittenti
1340 4307 1405 4354 crc-

285 4401 365 4466 didil
392 4399 536 4478 muudus,
563 4400 618 4481 qui
644 4399 736 4462 etism
764 4398 832 4481 ipse
854 4396 1027 4478 promissus
1054 4403 1103 4460 est
1125 4394 1308 4466 crediturus,
1333 4413 1404 4459 esse

371 4684 388 4736 2
407 4683 440 4739 ci.
458 4682 532 4751 Xlll,
551 4699 572 4736 c.
594 4682 626 4737 16
677 4682 709 4735 15
728 4681 763 4734 ib.
783 4698 808 4750 p.
827 4680 887 4747 635,
906 4683 923 4735 5
941 4696 998 4748 sqq.

321 4827 447 4896 lcorpus
466 4840 576 4878 oruneo
628 4821 796 4891 ieiugicrit,
815 4821 837 4873 ri
855 4838 888 4875 ru.
906 4825 926 4874 2
943 4837 977 4873 eu
994 4836 1011 4872 n
1029 4835 1139 4884 corr.,e
1200 4817 1296 4872 3indo
1316 4834 1403 4887 osup

283 4916 300 4970 6
319 4913 386 4968 dicit
403 4913 419 4966 b
489 4913 604 4967 inclusos
624 4911 809 4979 obeppoe5
826 4925 882 4963 esse
901 4908 1018 5003 inclusos
1034 4926 1047 4977 p
1065 4906 1161 4959 Domb.
1229 4907 1244 4958 ’1
1263 4906 1403 4975 possintp

285 5038 317 5093 10
336 5038 434 5093 euertit
452 5035 518 5089 illud
536 5052 558 5088 o.
620 5036 648 5088 11
662 5011 841 5104 inpossibilis,
858 5033 889 5085 in
906 5048 984 5100 marp
1009 5008 1182 5099 impossibile,
1200 5045 1215 5084 e
1283 5031 1317 5082 24
1336 5029 1402 5098 quid

281 5124 677 5195 respuendoritisl.2bom.
695 5140 712 5193 p
764 5120 1059 5205 280Quidadbucom.
1077 5137 1095 5188 p
