3217 6325
368 713 415 753 rus
442 696 574 767 discere;
599 716 765 776 ipsumque
789 712 917 760 ursrere.
938 718 975 757 uu
1000 720 1080 776 quon
1107 724 1240 777 pomum

368 801 497 880 poenulo
522 806 569 863 est
593 803 648 877 eie,
674 806 708 863 ut
731 821 959 882 nonnumquam
983 802 1067 882 ipsas
1091 821 1215 881 poenas,

366 905 527 988 pelluntur
550 908 680 985 discere,
700 907 810 971 malint
832 907 910 970 ferro
934 926 1025 989 quem
1050 908 1178 970 discere.
1204 906 1240 986 Qr

367 1010 529 1078 exhorreat
560 1017 592 1078 et
623 1011 702 1078 mori
734 1012 840 1097 eligat,
868 1012 896 1076 ei
924 1012 953 1077 ei
978 1016 1169 1096 proponatur
1194 1030 1239 1078 au*

366 1117 471 1184 tienda
504 1123 561 1184 aut
586 1138 694 1184 mrsue
720 1117 870 1183 infantia?
907 1116 993 1198 Quae
1020 1118 1146 1203 quidem
1175 1138 1237 1202 quo

367 1222 424 1289 sed
455 1242 474 1290 a
504 1223 580 1290 fletu
609 1226 729 1291 orditur
755 1225 834 1289 hano
861 1224 974 1301 lucem,
998 1224 1074 1307 quid
1101 1225 1237 1291 malorur

367 1330 510 1396 neeoiene
537 1331 704 1415 prophetat
730 1331 865 1415 quodam
888 1330 991 1396 modo.
1029 1329 1149 1408 Solum,
1172 1350 1234 1415 qua

366 1435 472 1503 ferunt
501 1437 611 1503 rieioae
633 1436 839 1512 Zoroastrem,
867 1454 925 1502 neo
956 1436 986 1501 ei
1016 1436 1091 1502 boni
1121 1436 1235 1520 aliquid

366 1541 453 1608 ritae
474 1543 529 1611 ille
550 1542 718 1627 portendit.
741 1542 822 1608 Nem
845 1542 1037 1626 magicarum
1060 1543 1174 1608 artium
1196 1543 1230 1609 fu

368 1647 529 1726 inuentor3
562 1669 642 1735 quae
673 1647 798 1731 quidem
830 1647 878 1712 illi
908 1666 965 1712 nee
996 1647 1036 1712 ad
1065 1649 1232 1733 praesentio

368 1753 554 1822 felicitatem
581 1759 789 1821 contraeunt
817 1753 960 1820 inimicos
987 1753 1136 1838 prodeaee
1157 1759 1231 1838 potu

369 1860 487 1945 quippe
512 1879 587 1946 rege
608 1860 818 1944 Assyriomm
842 1878 915 1925 eum
941 1866 1027 1926 eaeet
1052 1861 1120 1944 ipee
1142 1861 1230 1927 Baete

369 1971 536 2052 auperetue
565 1971 622 2033 eet.
658 1967 789 2032 hornus
818 1965 901 2049 quod
932 1967 1085 2049 seriptum
1116 1971 1179 2034 eat:
1215 1965 1229 2033 (

370 2091 483 2157 nuper
517 2072 623 2138 filios
660 2072 773 2137 Adam
810 2091 828 2136 a
865 2071 922 2136 die
959 2072 1081 2137 exitus
1117 2071 1161 2138 de
1196 2091 1228 2138 m

370 2196 496 2244 eorum
520 2178 694 2261 usquein
718 2177 813 2244 diem
837 2178 1053 2262 sepulturae
1080 2178 1115 2243 in
1143 2182 1227 2244 mat:

369 2302 473 2368 neque
499 2284 576 2351 adeo
599 2283 711 2368 inpleri
732 2303 861 2349 neeeeea
884 2287 942 2362 eet,
967 2288 1003 2349 ut
1023 2284 1086 2368 ipsi
1107 2285 1225 2367 parunt

369 2392 614 2476 regenerationis
637 2392 675 2456 ab
698 2391 860 2474 originalis
882 2391 1013 2474 peccati,
1037 2410 1098 2473 quo
1121 2392 1189 2458 eolo
1212 2395 1224 2456 t

370 2497 444 2564 oulo
475 2499 539 2563 iem
570 2497 667 2564 soluti
698 2495 781 2562 mala
812 2495 912 2561 multa
942 2497 1097 2579 patientes
1124 2515 1223 2562 nonnu

371 2601 542 2686 spirituum
556 2603 762 2687 malignomm
778 2600 944 2684 aliquando
958 2599 1125 2685 patiantur.
1145 2600 1222 2683 Quae

371 2707 458 2776 abuit
487 2712 525 2773 ut
556 2707 602 2772 eie
633 2707 727 2786 obsit,
751 2707 778 2771 ei
809 2706 888 2771 hano
919 2707 1017 2772 uitam
1044 2706 1075 2771 in
1101 2706 1158 2772 illa
1184 2727 1220 2773 ee

371 2813 518 2902 pusione
557 2815 792 2896 ingrauescente
829 2816 861 2879 et
894 2811 1027 2877 animam
1068 2811 1106 2877 de
1146 2831 1219 2897 oorp

372 2919 518 2988 finierint
