3217 6325
226 1257 289 1321 504
566 1255 593 1308 8.
620 1254 772 1308 Aurelii
798 1255 1008 1324 Augustini

224 1448 393 1511 aduentum
420 1446 534 1511 indicis
558 1446 730 1511 Saluatoris
757 1467 817 1512 non
843 1448 987 1513 inmerito
1011 1455 1153 1530 speratur
1175 1469 1244 1513 esee
1269 1469 1346 1513 uen-

225 1558 324 1628 turus,
357 1552 430 1634 quia
456 1553 549 1617 etiam
577 1570 658 1617 nnnc
685 1554 791 1616 uiuere
815 1573 874 1617 non
901 1554 1044 1619 inmerito
1068 1555 1213 1620 creditur.
1242 1555 1345 1620 Curru

224 1676 356 1738 namque
386 1659 477 1741 igneo
507 1660 614 1741 raptus
645 1664 695 1723 est
725 1658 762 1722 dc
792 1658 886 1722 rebus
916 1660 1071 1736 humanis,
1103 1660 1186 1743 qnod
1218 1661 1347 1725 euiden-

224 1761 347 1825 tissime
366 1765 473 1825 sancta
490 1762 644 1845 scriptura
660 1764 803 1828 testatur.
828 1763 906 1827 Cum
926 1764 1044 1827 uenerit
1062 1784 1145 1849 ergo,
1164 1765 1345 1846 exponendo

224 1866 325 1950 legem
349 1868 540 1949 spiritaliter,
567 1887 658 1949 quam
681 1887 761 1932 nnnc
784 1868 894 1933 ludaei
916 1870 1078 1933 carnaliter
1099 1872 1235 1952 sapiunt,
1264 1889 1346 1935 con·
1376 1896 1390 1935 ι

226 1976 350 2037 uertet
375 1991 437 2038 cor
463 1974 580 2056 patris
607 1974 649 2037 ad
672 1972 804 2048 filium,
832 1974 865 2037 id
888 1978 937 2039 est
959 1993 1012 2043 cor
1038 1979 1160 2057 patrum
1184 1975 1222 2040 ad
1244 1976 1345 2051 tilios3

226 2077 414 2160 singularem
437 2079 553 2162 quippe
575 2097 629 2161 pro
652 2098 777 2142 numero
799 2078 913 2162 plurali
939 2080 1123 2164 interpretes
1146 2083 1347 2165 septuaginta

226 2190 409 2265 posuerunt;
434 2189 466 2248 et
487 2190 536 2250 cst
557 2203 677 2261 sensus,
705 2188 742 2249 nt
763 2186 857 2248 etiam
880 2185 935 2248 lllii
959 2186 1004 2249 sic
1026 2186 1210 2270 intellegant
1230 2189 1346 2271 legem,

226 2288 258 2352 id
286 2295 335 2355 est
360 2291 478 2368 Iudaei,
506 2311 597 2373 quem
624 2290 662 2354 ad
690 2291 816 2355 modum
844 2310 911 2354 eam
935 2295 1038 2373 patres
1061 2292 1290 2357 intellexerunt.
1314 2294 1346 2356 id

227 2398 276 2459 est
301 2397 478 2478 prophetae,
509 2397 540 2460 in
568 2396 681 2478 quibus
708 2399 774 2459 erat
801 2397 922 2477 etipse
943 2396 1081 2479 Moyses3
1114 2398 1160 2462 sic
1188 2400 1270 2462 enim
1294 2419 1348 2464 cor
1366 2423 1390 2461 ιο

227 2505 347 2583 patrum
372 2504 570 2566 conuertetur
591 2501 629 2565 ad
651 2501 743 2577 lilios,
766 2519 838 2565 cum
860 2501 1075 2585 intellegentia
1092 2509 1216 2585 patrum
1235 2504 1347 2584 perdu-

228 2612 315 2671 cetur
328 2607 366 2671 ad
381 2608 622 2691 intellegentiam
637 2607 786 2681 filiorum3
807 2609 846 2671 et
863 2625 929 2671 cor
944 2606 1126 2673 filiorum
1146 2609 1191 2672 ad
1209 2615 1347 2692 patres

229 2732 370 2790 corum,
398 2714 471 2777 dum
494 2714 525 2777 in
553 2713 595 2790 id,
623 2713 704 2795 quod
728 2718 891 2777 senserunt
912 2713 969 2789 illi,
997 2715 1197 2779 consentiunt
1220 2720 1252 2778 et
1273 2716 1345 2788 isti;

228 2817 282 2883 ubi
306 2817 508 2903 Septuaginta
531 2819 683 2883 dixcmnt:
706 2817 752 2883 ll't
776 2838 841 2883 cor
863 2818 1034 2883 hominis
1059 2820 1103 2884 ad
1127 2821 1347 2903 proximum

228 2943 350 2991 suum.
374 2925 453 2991 Sunt
470 2927 551 2990 enim
568 2926 649 2990 inter
666 2944 700 2990 ee
718 2925 810 2988 ualde
828 2925 958 3006 proximi
976 2931 1078 3007 patres
1097 2930 1130 2991 et
1146 2926 1214 2990 tilii.
1233 2926 1347 3007 Quam·
1368 2954 1392 2991 o

228 3050 321 3113 quam
344 3031 374 3095 in
397 3031 501 3096 uerbis
524 3032 720 3115 septuaginta
740 3032 954 3112 interpretum,
977 3032 1031 3113 qui
1053 3032 1232 3114 prophetice
1255 3033 1349 3099 inter-

228 3139 341 3222 pretati
372 3143 455 3217 sunt,
487 3143 593 3222 potest
623 3138 702 3203 alius
735 3155 846 3203 sensns
877 3137 1021 3220 idemque
1048 3138 1176 3204 electior
1205 3140 1348 3216 inueniri,

229 3251 265 3310 ut
286 3246 487 3330 intellegatur
508 3245 615 3310 Helias
643 3263 696 3308 cor
716 3244 775 3308 Dei
798 3244 901 3308 Patris
929 3263 1134 3310 conuersums
1158 3246 1195 3310 ad
1218 3247 1348 3315 Filium:

230 3372 288 3417 non
311 3352 419 3435 utique
443 3351 562 3436 agendo
585 3354 622 3416 ut
642 3350 735 3415 Pater
757 3349 869 3434 diligat
886 3350 1011 3430 Filium,
1035 3352 1090 3415 sed
1109 3351 1246 3416 docendo
1266 3354 1350 3436 quod

230 3459 323 3523 Pater
345 3458 458 3543 diligat
479 3457 610 3532 Filium,
638 3462 674 3520 ut
696 3460 728 3520 et
750 3456 868 3532 ludaei,
896 3476 989 3539 quem
1011 3457 1098 3539 prins
1121 3457 1257 3534 oderant,
1281 3458 1351 3523 dili-
1368 3482 1396 3523 ae

230 3568 306 3647 gant
332 3564 474 3638 cundem,
507 3563 559 3646 qui
587 3565 691 3626 noster
717 3569 776 3638 est,
809 3559 977 3626 Christum.
1009 3561 1131 3627 Indaeis
1160 3563 1240 3627 enim
1267 3584 1350 3628 nunc

231 3688 375 3738 auersum
402 3689 454 3735 cor
476 3669 570 3734 habet
595 3667 681 3732 Deus
709 3687 726 3730 a
750 3667 872 3733 Christo
901 3673 1016 3745 cosmo,
1050 3669 1203 3750 quiahoc
1226 3674 1349 3751 putant.

230 3779 284 3843 llis
307 3796 380 3861 ergo
403 3781 478 3841 tunc
501 3794 554 3841 cor
576 3775 644 3839 eius
666 3779 864 3839 concertetur
886 3774 924 3838 ad
947 3774 1074 3851 Filium,
1101 3794 1172 3839 cum
1195 3776 1257 3858 ipsi
1280 3795 1350 3841 con·

231 3902 321 3948 nereo
358 3883 449 3948 corde
485 3881 647 3946 didicerint
678 3881 872 3945 dilectionem
905 3880 1007 3945 Patris
1036 3882 1066 3945 in
1098 3881 1221 3946 Filium.
1258 3879 1350 3959 Quod

232 4008 305 4054 uero
329 3988 485 4072 sequitur:
512 3988 559 4053 llt
582 4006 646 4053 cor
668 3985 840 4052 hominis
863 3987 907 4050 ad
930 3988 1141 4070 proximum
1171 4007 1293 4064 sunm,
1316 3988 1349 4051 id
1367 4006 1394 4047 s

232 4099 291 4172 est,
323 4097 485 4160 conuertet
515 4093 622 4159 Helias
655 4097 687 4157 et
718 4112 770 4156 cor
799 4092 934 4158 hominis
966 4092 1004 4156 ad
1035 4094 1206 4175 proximum
1240 4112 1348 4157 suum:

233 4200 308 4282 quid
331 4200 444 4265 melius
466 4199 659 4284 intellegitur
681 4218 773 4281 quarn
795 4217 848 4263 cor
870 4198 1004 4263 hominis
1027 4198 1065 4262 ad
1089 4198 1242 4262 hominem
1263 4198 1349 4262 Chri·

319 4441 419 4512 alleg.
438 4440 474 4507 11,
492 4442 517 4505 2,
537 4442 566 4495 11

268 4584 284 4636 2
303 4584 365 4652 qula
383 4583 488 4654 oppia·
506 4583 551 4652 qni
570 4599 661 4652 cepa
678 4581 774 4636 Domo.
863 4583 880 4634 4
899 4596 1026 4649 exponere
1045 4580 1061 4633 d
1149 4581 1165 4633 6
1183 4584 1297 4649 patrum.
1317 4570 1351 4633 (ὦ

232 4673 316 4741 patris
334 4688 410 4737 corr,
428 4689 445 4741 p
510 4672 525 4725 7
544 4687 680 4724 nnmerum
699 4687 745 4739 pro
764 4668 869 4738 plurali,
888 4686 934 4738 pro
953 4669 1019 4738 plur.
1037 4670 1068 4721 in
1085 4685 1149 4732 rue,
1168 4685 1182 4721 c
1241 4668 1258 4722 8
1276 4672 1307 4720 nt
1325 4676 1350 4721 et

233 4759 384 4813 illiceat
438 4761 561 4829 llpatres
580 4766 670 4812 eamn
723 4758 753 4810 11
774 4756 1157 4826 conuertitur—perduciturp
1215 4757 1246 4810 13
1265 4756 1351 4825 iuitp

234 4848 433 4901 consentiente
488 4850 519 4901 14
538 4847 574 4901 ut
591 4863 674 4914 cnop
744 4845 779 4899 Et
795 4845 853 4898 sid
908 4846 939 4897 ll
958 4861 1049 4898 sensus
1068 4845 1169 4897 aliuco
1220 4845 1349 4912 rect-iorp

237 4938 268 4989 12
287 4935 411 5004 diligito
465 4936 496 4989 21
517 4935 652 4990 Christum
671 4931 889 5002 compostae,-
906 4932 1056 5003 christusp¹
1073 4933 1171 4986 Domo.
1226 4933 1259 4985 22
1279 4934 1352 5000 quie

234 5050 268 5102 24
287 5044 510 5118 cordedicerintp
589 5047 738 5102 dilectionis
755 5050 857 5117 patrem
876 5047 908 5100 ad
927 5045 1041 5099 tiliumc
1101 5048 1134 5100 25
1153 5046 1180 5099 id
1199 5050 1240 5098 est
1254 5088 1350 5102 .....

239 5138 272 5192 ad
291 5153 454 5206 prunedum
473 5153 559 5206 ceap
