3217 6325
243 1302 306 1367 372
586 1299 613 1354 S.
639 1298 793 1352 Aurelii
819 1296 1030 1364 Augustini

243 1495 325 1557 enim
347 1494 407 1557 hoe
430 1491 578 1568 soluite,
602 1490 685 1572 qnod
708 1489 822 1563 uirtus,
846 1489 991 1571 quoniam
1014 1507 1074 1553 non
1093 1489 1192 1553 omnis
1211 1487 1289 1566 uita,
1313 1489 1371 1552 sed

241 1600 365 1682 sapiens
398 1598 465 1661 nita
497 1597 598 1661 uirtus
629 1598 697 1668 est;
730 1597 762 1658 et
792 1597 896 1658 tamen
933 1593 1170 1676 qualiscumque
1201 1594 1270 1658 uita
1301 1595 1370 1658 sine

240 1704 305 1767 ullo
328 1703 445 1767 uirtute
468 1703 573 1785 potest
596 1718 678 1773 esse;
703 1700 803 1762 uirtus
827 1717 902 1763 uero
925 1698 992 1762 sine
1015 1698 1081 1761 nlla
1099 1698 1165 1762 uita
1182 1717 1242 1762 non
1260 1701 1371 1779 potest

239 1827 317 1874 esse.
344 1807 412 1871 Hoc
439 1811 472 1871 et
497 1807 535 1871 de
562 1805 712 1870 memoria
738 1803 867 1867 dixerim
896 1803 997 1887 adque
1023 1804 1152 1881 ratione,
1181 1808 1213 1869 et
1241 1803 1369 1886 siquid

238 1914 300 1979 tale
328 1913 413 1978 alind
440 1915 490 1977 est
511 1912 541 1975 in
565 1911 697 1976 homine.
726 1908 807 1974 Sunt
830 1910 913 1973 enim
935 1909 1013 1974 haec
1035 1913 1068 1973 et
1090 1914 1160 1974 ante
1183 1910 1367 1985 doctrinam,
1396 1934 1409 1975 s

239 2022 305 2085 sine
328 2020 378 2084 his
401 2023 505 2083 autem
528 2037 588 2083 non
614 2019 718 2100 potest
741 2035 810 2080 esse
833 2016 899 2078 ulla
922 2015 1070 2092 doctrina,
1094 2033 1130 2079 ac
1152 2034 1208 2097 per
1230 2016 1290 2081 hoe
1309 2036 1366 2082 nec

236 2126 349 2201 uirtus,
375 2142 456 2202 quae
483 2123 593 2205 utique
621 2122 761 2187 discitur.
789 2122 874 2186 Bene
904 2124 1009 2185 autem
1037 2139 1168 2198 currere,
1196 2122 1364 2203 pulchrum

236 2249 305 2294 esse
338 2248 475 2310 corpore,
508 2228 627 2292 uiribus
658 2227 837 2311 ingentibus
868 2227 1047 2309 praeualere
1079 2230 1112 2289 et
1138 2231 1242 2291 cetera
1268 2227 1363 2293 huius

234 2335 319 2400 modi
351 2334 427 2398 tolia
458 2337 541 2410 sunt,
573 2337 609 2397 ut
640 2336 671 2397 et
702 2333 804 2396 uirtus
837 2332 903 2395 sine
932 2332 980 2395 his
1007 2350 1076 2397 esse
1104 2333 1206 2416 possit
1233 2336 1265 2398 et
1293 2333 1363 2416 ipsa

234 2441 301 2506 sine
323 2440 455 2513 uirtute3
479 2439 559 2502 bona
581 2441 655 2502 sunt
676 2442 790 2512 tamen,
814 2441 848 2501 et
873 2435 1046 2502 seeundum
1072 2437 1151 2502 istos
1175 2437 1269 2502 etiam
1292 2439 1362 2522 ipsa
1382 2464 1404 2503 o

233 2550 362 2630 propter
384 2565 417 2610 se
440 2546 539 2627 ipsam
559 2544 663 2628 diligit
680 2545 794 2620 uirtus,
818 2544 979 2626 utiturque
997 2543 1063 2608 illis
1081 2542 1254 2622 sternitur,
1277 2544 1362 2609 sicut

232 2652 383 2716 uirtutem
407 2651 505 2714 decet.

214 2841 218 2848 ι
275 2756 365 2820 Hunc
396 2756 495 2819 uitam
526 2755 650 2819 beatam
679 2757 773 2819 etiam
801 2755 949 2819 socialem
976 2755 1141 2837 perhibent
1167 2775 1247 2833 esse,
1279 2774 1359 2837 quae

230 2863 401 2926 amicorum
426 2861 504 2925 bona
526 2866 652 2942 propter
674 2879 707 2924 se
730 2860 800 2943 ipsa
823 2859 934 2942 diligat
957 2861 1116 2925 siccisne
1137 2862 1245 2943 eisque
1267 2881 1359 2945 prop

231 2973 279 3033 ter
312 2967 400 3049 ipsos
435 2966 495 3031 hoe
531 2966 611 3030 nolit
643 2965 725 3049 quod
757 2966 831 3040 eibi;
865 2967 933 3030 sine
969 2966 1000 3030 in
1038 2966 1130 3031 domo
1168 2967 1242 3044 sint,
1274 2968 1359 3032 siout
1375 2990 1401 3030 n

231 3074 342 3138 coniux
374 3076 405 3136 et
436 3072 526 3137 libori
557 3076 590 3136 et
620 3073 809 3154 quicumque
836 3072 1011 3146 domestici,
1039 3072 1107 3136 siue
1134 3073 1165 3136 in
1188 3074 1268 3150 loco,
1302 3073 1357 3138 ubi

230 3179 342 3244 domus
365 3182 415 3243 est
437 3179 515 3247 eius.
543 3178 638 3242 sicuti
661 3184 710 3243 est
732 3178 817 3247 urbs.
842 3182 878 3241 nt
900 3181 975 3242 sunt
996 3178 1030 3242 hi
1056 3178 1110 3261 qui
1133 3179 1219 3244 ciues
1242 3198 1357 3244 uocan-

228 3288 291 3363 tur,
320 3285 388 3349 siue
415 3284 446 3347 iu
475 3283 548 3348 orbe
577 3288 653 3360 toto,
685 3290 723 3347 ut
749 3287 824 3348 sunt
850 3290 958 3367 gentes
988 3303 1066 3366 quas
1090 3285 1118 3348 ei
1141 3285 1275 3350 societas
1299 3286 1355 3350 hu·

229 3409 319 3454 mana
350 3390 521 3475 coniungit,
552 3389 620 3455 sine
651 3389 682 3452 in
713 3389 782 3472 ipso
814 3388 939 3462 mundo,
972 3390 1026 3472 qui
1058 3392 1203 3454 censetur
1228 3392 1354 3456 nomine

227 3495 306 3560 caeli
339 3499 372 3559 et
397 3500 507 3568 terrae,
540 3497 624 3559 sicut
650 3513 719 3559 esse
748 3495 858 3558 dicunt
884 3495 970 3568 deos,
998 3514 1077 3577 quos
1099 3496 1212 3560 uolunt
1234 3497 1397 3562 amicosne

227 3621 299 3666 esse
326 3600 444 3664 homini
471 3600 614 3683 sapienti,
647 3619 725 3684 quos
754 3619 810 3664 nos
838 3600 1022 3664 familiarius
1054 3600 1179 3684 angelos
1206 3601 1352 3667 dicimus.

228 3707 275 3771 De
306 3707 456 3770 bonorum
488 3710 593 3770 antem
625 3711 657 3771 et
684 3725 700 3770 e
727 3705 879 3771 contrario
906 3706 1059 3771 malorum
1090 3706 1204 3770 finibus
1235 3713 1353 3791 negant

227 3811 293 3876 ullo
316 3811 408 3876 modo
433 3830 501 3875 esse
524 3811 729 3875 dubitandum
754 3817 787 3875 et
810 3813 887 3876 hane
910 3813 990 3876 inter
1012 3830 1045 3877 se
1068 3816 1100 3876 et
1117 3831 1215 3877 nonos
1234 3813 1351 3878 Acade·

226 3917 324 3982 mices
357 3915 520 3980 adfirmant
550 3935 619 3981 esse
651 3916 842 3987 distantiam,
875 3935 930 3980 nec
962 3935 1068 3982 eornm
1100 3918 1228 3982 interest
1261 3921 1350 4002 quid·

227 4041 331 4105 quam.
359 4023 427 4087 siue
451 4021 567 4104 Cynico
595 4023 662 4086 siue
689 4023 749 4086 alio
778 4023 920 4104 quolibet
946 4022 1054 4086 habitu
1079 4029 1111 4087 et
1132 4024 1220 4088 uictu
1243 4026 1275 4088 in
1299 4026 1348 4091 his
1366 4044 1393 4085 ss

225 4127 349 4193 finibus.
378 4146 457 4208 qnos
486 4146 577 4192 ueros
604 4132 723 4209 putant,
747 4128 879 4210 quisque
907 4128 1153 4210 philosophetur.
1180 4130 1224 4194 Er
1246 4131 1348 4196 tribus

224 4252 314 4316 porro
341 4232 405 4297 illis
432 4233 517 4297 uitae
545 4234 721 4317 generibus,
749 4235 861 4298 otioso.
890 4237 1018 4298 actuoso
1041 4240 1074 4298 et
1100 4235 1183 4317 quod
1206 4255 1241 4299 er
1264 4241 1348 4302 utro·

224 4358 284 4421 que
316 4338 511 4420 conpositum
549 4341 608 4415 est,
643 4340 701 4403 hoc
738 4341 865 4404 tertium
902 4340 962 4403 sibi
997 4341 1117 4422 plaeere
1152 4342 1346 4408 adsederant

223 4444 309 4508 Haec
340 4444 475 4508 sensisse
502 4444 602 4528 adque
626 4445 769 4508 docuisse
792 4447 993 4510 Academicos
1022 4451 1143 4512 ueteres
1171 4448 1266 4513 Varro
1293 4450 1345 4512 ad·

224 4551 309 4619 serit.
333 4556 458 4614 auctore
480 4552 645 4617 Antiocho.
663 4552 813 4635 magistro
832 4551 988 4616 Ciceronis
1012 4555 1043 4616 et
1065 4572 1134 4627 suo,
1154 4572 1246 4635 quem
1270 4575 1345 4623 saue
1362 4573 1388 4612 ³⁰

224 4655 331 4721 Cicero
355 4657 386 4719 in
410 4656 550 4739 pluribus
574 4657 672 4720 luisse
695 4654 835 4721 Stoicum
855 4676 946 4738 qnam
966 4663 1103 4722 ueterem
1121 4659 1344 4725 Academicum

311 4863 342 4915 81
364 4861 444 4915 head.
463 4880 501 4931 pr.
521 4862 556 4919 ll.
574 4864 605 4916 ei
626 4880 665 4932 sq.

258 4985 549 5041 tetrius......esse
566 5004 649 5039 orme
701 4986 809 5040 heliud
827 4987 910 5041 tales·
966 4990 996 5041 ll
1016 5005 1044 5041 se
1063 4990 1146 5059 ipsam
1165 5007 1295 5074 copam
1312 5008 1342 5045 se

222 5072 362 5141 ipsaobp
381 5071 477 5127 limo.
549 5073 671 5143 diligitur
683 5075 778 5142 oben
828 5077 860 5127 ll
879 5075 990 5143 ipsam(
1060 5076 1150 5145 diligit
1159 5095 1181 5145 p
1236 5080 1268 5132 17
1283 5080 1340 5132 eiu

223 5164 297 5212 este
351 5161 383 5213 is
402 5168 459 5214 toto
477 5160 574 5216 orbec
