3217 6325
222 1284 285 1347 468
557 1282 584 1337 S.
610 1281 761 1335 Aurelii
788 1283 999 1350 Augustini

223 1475 344 1556 quando
373 1474 509 1540 dicetur:
539 1474 612 1540 Ubi
640 1477 723 1539 est?
751 1474 840 1539 Nunc
862 1494 937 1540 uero
968 1495 1028 1540 non
1061 1476 1193 1558 quilibet
1219 1477 1345 1544 infimus

224 1582 302 1645 ciuis
329 1580 416 1645 illins
443 1581 592 1658 ciuitatis,
621 1582 675 1645 sed
702 1580 785 1644 idem
812 1582 871 1645 iste
893 1581 1048 1646 lohannes
1074 1583 1106 1647 in
1129 1582 1265 1665 epistula
1288 1604 1346 1649 sna

224 1688 352 1756 clamat:
381 1685 420 1751 Si
445 1687 673 1763 dixerimus,
702 1686 794 1769 quia
817 1692 1024 1770 peecatum
1047 1707 1120 1752 non
1144 1688 1344 1767 habemas,

224 1794 433 1877 nosipsos
461 1792 701 1869 seducimus,
729 1794 1344 1861 etuerltasinnobisnoneet.

224 1902 263 1965 lit
285 1901 316 1964 in
339 1899 397 1963 boe
422 1898 546 1981 quidem
564 1897 654 1976 libro,
678 1898 768 1963 ouius
786 1918 897 1964 nomen
915 1903 964 1964 est
982 1900 1187 1983 apocalypsis,
1211 1902 1343 1967 obscure
1374 1924 1387 1962 ι

223 2008 323 2072 multa
354 2007 506 2084 dicuntur,
537 2009 574 2070 ut
605 2007 741 2071 mentem
766 2006 899 2090 legentis
927 2010 1096 2086 exerceant,
1129 2010 1160 2073 et
1186 2008 1344 2091 paucain

225 2132 260 2178 eo
293 2115 375 2189 sunt,
412 2131 446 2176 er
480 2130 609 2195 quorum
641 2111 888 2177 manifestatione
923 2112 1109 2196 indagentur
1139 2116 1242 2179 cetera
1273 2134 1344 2180 euru

224 2218 344 2292 labore;
372 2218 503 2283 maxime
530 2217 604 2299 quia
626 2217 671 2282 sic
694 2217 802 2282 eadem
824 2218 932 2282 multis
951 2217 1053 2282 modis
1076 2220 1198 2301 repetit,
1227 2223 1262 2284 ut
1285 2221 1347 2285 alia

225 2324 325 2406 adque
352 2323 413 2387 alia
435 2323 535 2388 dicere
557 2322 710 2399 uideatur,
733 2340 803 2387 cum
827 2324 918 2388 aliter
940 2324 1039 2407 adque
1061 2325 1153 2390 aliter
1178 2327 1254 2390 haec
1276 2326 1347 2409 ipsa

226 2430 326 2494 dicere
354 2429 535 2514 castigetur.
559 2427 673 2493 Verum
696 2428 726 2491 in
751 2428 799 2492 bis
821 2428 936 2505 uerbis,
965 2430 1018 2493 ubi
1041 2431 1099 2495 ait:
1127 2431 1346 2515 Absterget
1365 2452 1390 2492 ro

227 2554 372 2600 omnem
409 2534 611 2599 lacrimam
647 2535 692 2599 ab
725 2535 856 2599 oculis
888 2553 1030 2613 eorum,
1067 2541 1106 2601 et
1136 2555 1238 2601 mors
1270 2537 1345 2601 iam

227 2660 298 2705 non
324 2641 402 2706 erit
423 2659 548 2723 neque
570 2640 708 2704 luctus
730 2659 858 2723 neque
877 2640 1036 2717 clamor,
1060 2641 1128 2706 sed
1146 2661 1214 2707 nec
1234 2642 1347 2709 dolor

227 2748 347 2824 ullus,
375 2750 461 2811 tanta
488 2746 557 2810 luce
584 2744 667 2809 diota
689 2749 763 2809 sunt
784 2744 822 2809 de
845 2744 968 2810 saeculo
991 2747 1095 2811 tuturo
1119 2747 1209 2811 etde
1232 2749 1345 2814 inmor-

227 2854 348 2918 talitate
375 2852 474 2935 adque
497 2851 678 2916 artemitam
701 2854 879 2918 sanctorum
907 2857 991 2927 (tunc
1015 2853 1096 2916 enim
1120 2853 1223 2918 solum
1246 2853 1345 2938 adque

226 2960 270 3024 ibi
293 2959 394 3023 solum
417 2958 478 3022 ista
500 2975 560 3021 non
584 2957 695 3038 erunt),
725 2962 762 3020 ut
779 2957 865 3021 nulla
882 2957 1049 3023 debeamus
1065 2960 1097 3023 in
1114 2959 1227 3025 litteris
1247 2962 1341 3025 sacris
1363 2982 1388 3022 rs

228 3082 372 3147 quaerere
398 3063 450 3129 uel
478 3063 581 3148 legere
608 3061 780 3140 manifesta,
809 3063 835 3126 si
866 3063 942 3128 haec
965 3066 1179 3145 putauerimus
1202 3066 1341 3130 obscura.

649 3254 782 3321 CAPUT
806 3256 919 3320 XVIll.

228 3396 330 3478 Quid
360 3396 573 3482 apostolus
600 3396 742 3460 Petrus
770 3395 813 3458 de
841 3395 1062 3460 nouissimo
1090 3395 1161 3460 Dei
1189 3397 1342 3463 iudicio

661 3498 918 3583 praedicarit.

272 3644 363 3708 Nunc
390 3642 450 3707 iam
478 3644 652 3719 uideamus,
680 3641 754 3724 quid
782 3642 874 3706 etiam
905 3642 1065 3724 apostolus
1091 3643 1202 3707 Petrus
1226 3643 1263 3707 de
1285 3643 1342 3708 hoc
1360 3671 1387 3710 ao

231 3749 346 3815 iudicio
370 3749 545 3831 scripserit:
569 3748 736 3824 Venient,
759 3747 869 3830 inquit,
900 3748 934 3811 in
966 3748 1170 3812 nouissimo
1203 3747 1341 3813 dierum

230 3854 418 3920 inlusione
458 3853 680 3930 inludentes,
727 3852 927 3918 secundum
969 3855 1135 3936 proprias
1176 3856 1343 3937 concupi-

232 3961 395 4026 scentias
418 3980 504 4025 suae
528 3963 658 4025 euntes
681 3962 717 4023 et
740 3959 921 4023 dicentes:
953 3959 1022 4025 Ubi
1045 3963 1101 4023 eet
1123 3959 1343 4041 promissum

231 4067 464 4149 praesentiae
490 4065 630 4149 ipsius?
662 4065 711 4135 ur
738 4084 808 4147 quo
835 4064 928 4128 enim
956 4069 1079 4146 patres
1107 4063 1342 4139 dormierunt,

232 4173 286 4237 sic
310 4172 430 4236 omnia
451 4174 690 4255 perseuerant
708 4171 748 4234 ab
767 4169 877 4235 initio
896 4174 1097 4238 creaturae.
1120 4171 1226 4234 Latet
1249 4171 1342 4234 enim
1361 4197 1387 4238 a

231 4278 320 4342 illos
347 4277 415 4342 hoc
443 4277 622 4355 uolentes,
652 4277 736 4359 quia
764 4275 857 4340 caeli
884 4279 988 4341 erant
1015 4275 1101 4339 olim
1124 4279 1160 4339 et
1182 4278 1279 4340 terra
1302 4276 1343 4339 de

233 4401 335 4464 aqua,
367 4386 403 4446 et
428 4403 491 4465 per
517 4392 644 4464 aquam
676 4381 884 4446 constituta
910 4380 975 4444 Dei
1003 4381 1124 4458 uerbo,
1156 4400 1219 4463 per
1241 4400 1342 4464 quac,

232 4487 296 4568 qni
322 4489 408 4550 tunc
435 4490 514 4550 erat
539 4484 703 4562 mundus,
731 4504 824 4568 aqua
851 4479 1051 4549 inundatus
1077 4485 1245 4568 deperiit.
1274 4485 1342 4566 Qui

320 4676 336 4729 3
357 4677 379 4728 1.
398 4673 436 4731 Ιο.
458 4675 480 4739 l,
499 4675 515 4729 8
568 4675 599 4727 21
621 4677 645 4727 2.
664 4674 735 4730 Petr.
754 4675 779 4737 3,
797 4676 813 4728 3
832 4688 889 4743 sqq.

270 4799 281 4850 l
303 4797 409 4852 indront
425 4813 538 4865 opao‚·
551 4797 669 4851 infirmus
688 4796 774 4866 bepp
792 4797 888 4851 Domb.
942 4799 958 4850 2
976 4798 1028 4849 iste
1046 4812 1122 4866 eppa·
1140 4797 1196 4865 ipse
1215 4814 1230 4850 o
1247 4797 1334 4850 Domb

234 4885 413 4954 tdecipimur
432 4885 502 4938 aba
585 4885 785 4953 dexlcrccatp
867 4887 928 4938 ret
946 4885 1067 4938 oeterab
1152 4887 1182 4938 10
1200 4885 1345 4954 absterget

234 4972 336 5027 Denso
385 4973 416 5027 12
433 4972 503 5026 ullus
522 4971 625 5045 doloro
675 4973 706 5025 13
725 4972 757 5025 de
774 4972 967 5026 inmortalitate
986 4973 1087 5041 bepp,·
1106 4972 1137 5024 de
1156 4989 1205 5032 om,
1220 4990 1234 5026 o
1248 4973 1342 5026 Domb.

234 5063 268 5114 22
285 5060 430 5115 inlusionea
443 5059 472 5126 b,·
489 5061 628 5121 inlusores,
648 5077 705 5114 ores
719 5077 752 5114 m.
767 5061 828 5113 2a'n
842 5077 933 5123 ras.,e
985 5060 1127 5113 illudentes
1146 5061 1171 5113 in
1190 5060 1343 5129 illusionep

234 5148 268 5203 22
285 5161 336 5218 pet*
349 5164 400 5219 qne
417 5164 450 5203 a
466 5164 514 5218 per
530 5158 581 5219 qne
599 5164 675 5215 cora,
691 5166 722 5218 p,·
738 5164 785 5218 per
803 5158 853 5217 qne
872 5166 913 5217 ep
