<?xml version="1.0" encoding="UTF-8"?>
<!DOCTYPE html PUBLIC "-//W3C//DTD XHTML 1.0 Transitional//EN"
    "http://www.w3.org/TR/xhtml1/DTD/xhtml1-transitional.dtd">
<html xmlns="http://www.w3.org/1999/xhtml" xml:lang="en" lang="en">
 <head>
  <title>
</title>
<meta http-equiv="Content-Type" content="text/html;charset=utf-8" />
  <meta name='ocr-system' content='tesseract 3.04.00' />
  <meta name='ocr-capabilities' content='ocr_page ocr_carea ocr_par ocr_line ocrx_word'/>
</head>
<body>
  <div class='ocr_page' id='page_1' title='image "./sanctiavreliiav00hoffgoog_0490.png"; bbox 0 0 3217 6325; ppageno 0'>
   <div class='ocr_carea' id='block_1_1' title="bbox 278 1252 1059 1325">
    <p class='ocr_par' dir='ltr' id='par_1_1' title="bbox 278 1252 1059 1325">
     <span class='ocr_line' id='line_1_1' title="bbox 278 1252 1059 1325; baseline -0.013 -7"><span class='ocrx_word' id='word_1_1' title='bbox 278 1254 342 1318; x_wconf 77' lang='grc'><strong>476</strong></span> <span class='ocrx_word' id='word_1_2' title='bbox 614 1252 641 1308; x_wconf 81' lang='lat' dir='ltr'><strong>S.</strong></span> <span class='ocrx_word' id='word_1_3' title='bbox 669 1255 821 1310; x_wconf 78' lang='lat' dir='ltr'><strong>Aurelii</strong></span> <span class='ocrx_word' id='word_1_4' title='bbox 848 1255 1059 1325; x_wconf 76' lang='lat' dir='ltr'><strong>Augustini</strong></span> 
     </span>
    </p>
   </div>
   <div class='ocr_carea' id='block_1_2' title="bbox 277 1448 1450 4498">
    <p class='ocr_par' dir='ltr' id='par_1_2' title="bbox 277 1448 1399 1852">
     <span class='ocr_line' id='line_1_2' title="bbox 279 1448 1399 1533; baseline 0.001 -20"><span class='ocrx_word' id='word_1_5' title='bbox 279 1451 375 1516; x_wconf 91' lang='lat' dir='ltr'><strong>uiam</strong></span> <span class='ocrx_word' id='word_1_6' title='bbox 404 1452 546 1517; x_wconf 82' lang='lat' dir='ltr'>Christi</span> <span class='ocrx_word' id='word_1_7' title='bbox 573 1452 608 1515; x_wconf 90' lang='lat' dir='ltr'><strong>in</strong></span> <span class='ocrx_word' id='word_1_8' title='bbox 631 1468 723 1523; x_wconf 88' lang='lat' dir='ltr'><strong>aera,</strong></span> <span class='ocrx_word' id='word_1_9' title='bbox 752 1452 788 1514; x_wconf 90' lang='lat' dir='ltr'><strong>et</strong></span> <span class='ocrx_word' id='word_1_10' title='bbox 809 1450 863 1514; x_wconf 87' lang='lat' dir='ltr'><strong>ita</strong></span> <span class='ocrx_word' id='word_1_11' title='bbox 884 1468 1027 1533; x_wconf 89' lang='lat' dir='ltr'><strong>semper</strong></span> <span class='ocrx_word' id='word_1_12' title='bbox 1049 1469 1127 1514; x_wconf 85' lang='lat' dir='ltr'><strong>enm</strong></span> <span class='ocrx_word' id='word_1_13' title='bbox 1151 1448 1304 1514; x_wconf 89' lang='lat' dir='ltr'><strong>Domino</strong></span> <span class='ocrx_word' id='word_1_14' title='bbox 1329 1451 1399 1514; x_wconf 89' lang='lat' dir='ltr'><strong>eri-</strong></span> 
     </span>
     <span class='ocr_line' id='line_1_3' title="bbox 279 1556 1398 1639; baseline -0.003 -17"><span class='ocrx_word' id='word_1_15' title='bbox 279 1563 366 1622; x_wconf 86' lang='lat' dir='ltr'><strong>mns&#39;.</strong></span> <span class='ocrx_word' id='word_1_16' title='bbox 393 1558 479 1622; x_wconf 88' lang='lat' dir='ltr'><strong>Haeo</strong></span> <span class='ocrx_word' id='word_1_17' title='bbox 506 1557 600 1622; x_wconf 86' lang='lat' dir='ltr'><strong>uerba</strong></span> <span class='ocrx_word' id='word_1_18' title='bbox 622 1556 792 1639; x_wconf 86' lang='lat' dir='ltr'><strong>apostoliea</strong></span> <span class='ocrx_word' id='word_1_19' title='bbox 819 1557 1074 1626; x_wconf 75' lang='lat' dir='ltr'><strong>resurrectionem</strong></span> <span class='ocrx_word' id='word_1_20' title='bbox 1097 1558 1289 1620; x_wconf 88' lang='lat' dir='ltr'><strong>mortuorum</strong></span> <span class='ocrx_word' id='word_1_21' title='bbox 1313 1557 1398 1621; x_wconf 87' lang='lat' dir='ltr'><strong>lotn-</strong></span> 
     </span>
     <span class='ocr_line' id='line_1_4' title="bbox 277 1661 1399 1745; baseline 0 -18"><span class='ocrx_word' id='word_1_22' title='bbox 277 1682 353 1742; x_wconf 87' lang='lat' dir='ltr'><strong>ram‚</strong></span> <span class='ocrx_word' id='word_1_23' title='bbox 391 1664 510 1745; x_wconf 86' lang='lat' dir='ltr'><strong>quando</strong></span> <span class='ocrx_word' id='word_1_24' title='bbox 542 1663 646 1728; x_wconf 88' lang='lat' dir='ltr'><strong>ueniet</strong></span> <span class='ocrx_word' id='word_1_25' title='bbox 677 1661 830 1737; x_wconf 85' lang='lat' dir='ltr'><strong>Christus,</strong></span> <span class='ocrx_word' id='word_1_26' title='bbox 862 1662 971 1744; x_wconf 79' lang='lat' dir='ltr'><strong>utiquo</strong></span> <span class='ocrx_word' id='word_1_27' title='bbox 1002 1661 1041 1726; x_wconf 86' lang='lat' dir='ltr'><strong>ad</strong></span> <span class='ocrx_word' id='word_1_28' title='bbox 1071 1663 1164 1727; x_wconf 91' lang='lat' dir='ltr'><strong>niuos</strong></span> <span class='ocrx_word' id='word_1_29' title='bbox 1194 1669 1225 1726; x_wconf 92' lang='lat' dir='ltr'><strong>et</strong></span> <span class='ocrx_word' id='word_1_30' title='bbox 1255 1667 1399 1727; x_wconf 91' lang='lat' dir='ltr'><strong>mortuos</strong></span> 
     </span>
     <span class='ocr_line' id='line_1_5' title="bbox 277 1767 936 1852; baseline -0.002 -19"><span class='ocrx_word' id='word_1_31' title='bbox 277 1769 469 1847; x_wconf 82' lang='lat' dir='ltr'><strong>indicandos,</strong></span> <span class='ocrx_word' id='word_1_32' title='bbox 491 1769 736 1852; x_wconf 78' lang='lat' dir='ltr'><strong>praeclarissime</strong></span> <span class='ocrx_word' id='word_1_33' title='bbox 759 1767 936 1833; x_wconf 85' lang='lat' dir='ltr'><strong>ostendunt.</strong></span> 
     </span>
    </p>

    <p class='ocr_par' dir='ltr' id='par_1_3' title="bbox 277 1873 1450 4498">
     <span class='ocr_line' id='line_1_6' title="bbox 322 1873 1450 1956; baseline -0.004 -16"><span class='ocrx_word' id='word_1_34' title='bbox 322 1874 382 1940; x_wconf 84' lang='lat' dir='ltr'><strong>Sed</strong></span> <span class='ocrx_word' id='word_1_35' title='bbox 405 1876 510 1956; x_wconf 89' lang='lat' dir='ltr'><strong>quaeri</strong></span> <span class='ocrx_word' id='word_1_36' title='bbox 537 1876 626 1951; x_wconf 84' lang='lat' dir='ltr'><strong>solet,</strong></span> <span class='ocrx_word' id='word_1_37' title='bbox 651 1878 758 1939; x_wconf 87' lang='lat' dir='ltr'><strong>utrum</strong></span> <span class='ocrx_word' id='word_1_38' title='bbox 784 1873 842 1951; x_wconf 87' lang='lat' dir='ltr'><strong>illi,</strong></span> <span class='ocrx_word' id='word_1_39' title='bbox 866 1893 945 1956; x_wconf 91' lang='lat' dir='ltr'><strong>quos</strong></span> <span class='ocrx_word' id='word_1_40' title='bbox 968 1874 1018 1938; x_wconf 87' lang='lat' dir='ltr'><strong>hio</strong></span> <span class='ocrx_word' id='word_1_41' title='bbox 1046 1874 1190 1939; x_wconf 88' lang='lat' dir='ltr'><strong>uiuentes</strong></span> <span class='ocrx_word' id='word_1_42' title='bbox 1212 1875 1399 1939; x_wconf 89' lang='lat' dir='ltr'><strong>inuenturus</strong></span> <span class='ocrx_word' id='word_1_43' title='bbox 1429 1896 1450 1936; x_wconf 76' lang='lat' dir='ltr'><strong>a·</strong></span> 
     </span>
     <span class='ocr_line' id='line_1_7' title="bbox 279 1978 1401 2064; baseline -0.001 -19"><span class='ocrx_word' id='word_1_44' title='bbox 279 1985 329 2045; x_wconf 86' lang='lat' dir='ltr'><strong>est</strong></span> <span class='ocrx_word' id='word_1_45' title='bbox 355 1978 509 2054; x_wconf 82' lang='lat' dir='ltr'><strong>Christus,</strong></span> <span class='ocrx_word' id='word_1_46' title='bbox 542 1999 673 2062; x_wconf 90' lang='lat' dir='ltr'><strong>quornm</strong></span> <span class='ocrx_word' id='word_1_47' title='bbox 701 1999 862 2064; x_wconf 91' lang='lat' dir='ltr'><strong>personam</strong></span> <span class='ocrx_word' id='word_1_48' title='bbox 890 1982 920 2045; x_wconf 95' lang='lat' dir='ltr'><strong>in</strong></span> <span class='ocrx_word' id='word_1_49' title='bbox 949 2000 983 2045; x_wconf 94' lang='lat' dir='ltr'><strong>se</strong></span> <span class='ocrx_word' id='word_1_50' title='bbox 1011 1979 1111 2062; x_wconf 86' lang='lat' dir='ltr'><strong>adque</strong></span> <span class='ocrx_word' id='word_1_51' title='bbox 1138 1980 1220 2058; x_wconf 87' lang='lat' dir='ltr'><strong>illos,</strong></span> <span class='ocrx_word' id='word_1_52' title='bbox 1243 1981 1297 2062; x_wconf 88' lang='lat' dir='ltr'><strong>qui</strong></span> <span class='ocrx_word' id='word_1_53' title='bbox 1323 1984 1401 2045; x_wconf 85' lang='lat' dir='ltr'><strong>tune</strong></span> 
     </span>
     <span class='ocr_line' id='line_1_8' title="bbox 280 2087 1400 2171; baseline -0.001 -21"><span class='ocrx_word' id='word_1_54' title='bbox 280 2106 384 2152; x_wconf 87' lang='lat' dir='ltr'><strong>seenm</strong></span> <span class='ocrx_word' id='word_1_55' title='bbox 413 2087 571 2165; x_wconf 77' lang='lat' dir='ltr'><strong>emebant,</strong></span> <span class='ocrx_word' id='word_1_56' title='bbox 602 2087 844 2171; x_wconf 81' lang='lat' dir='ltr'><strong>transfigurabat</strong></span> <span class='ocrx_word' id='word_1_57' title='bbox 870 2088 1043 2167; x_wconf 79' lang='lat' dir='ltr'><strong>apostolus,</strong></span> <span class='ocrx_word' id='word_1_58' title='bbox 1074 2106 1242 2168; x_wconf 82' lang='lat' dir='ltr'><strong>numquam</strong></span> <span class='ocrx_word' id='word_1_59' title='bbox 1275 2087 1400 2150; x_wconf 92' lang='lat' dir='ltr'><strong>omnino</strong></span> 
     </span>
     <span class='ocr_line' id='line_1_9' title="bbox 279 2192 1400 2276; baseline -0.001 -19"><span class='ocrx_word' id='word_1_60' title='bbox 279 2192 421 2257; x_wconf 92' lang='lat' dir='ltr'><strong>morituri</strong></span> <span class='ocrx_word' id='word_1_61' title='bbox 453 2193 525 2269; x_wconf 81' lang='lat' dir='ltr'><strong>sint,</strong></span> <span class='ocrx_word' id='word_1_62' title='bbox 556 2212 594 2257; x_wconf 90' lang='lat' dir='ltr'><strong>an</strong></span> <span class='ocrx_word' id='word_1_63' title='bbox 622 2194 689 2276; x_wconf 90' lang='lat' dir='ltr'><strong>ipso</strong></span> <span class='ocrx_word' id='word_1_64' title='bbox 717 2194 866 2276; x_wconf 87' lang='lat' dir='ltr'><strong>temporis</strong></span> <span class='ocrx_word' id='word_1_65' title='bbox 893 2197 1018 2275; x_wconf 84' lang='lat' dir='ltr'><strong>puncto,</strong></span> <span class='ocrx_word' id='word_1_66' title='bbox 1050 2211 1111 2274; x_wconf 87' lang='lat' dir='ltr'><strong>quo</strong></span> <span class='ocrx_word' id='word_1_67' title='bbox 1139 2211 1209 2256; x_wconf 88' lang='lat' dir='ltr'><strong>oum</strong></span> <span class='ocrx_word' id='word_1_68' title='bbox 1237 2210 1400 2274; x_wconf 85' lang='lat' dir='ltr'><strong>resurgen-</strong></span> 
     </span>
     <span class='ocr_line' id='line_1_10' title="bbox 279 2298 1401 2382; baseline -0.002 -18"><span class='ocrx_word' id='word_1_69' title='bbox 279 2299 364 2364; x_wconf 90' lang='lat' dir='ltr'><strong>tibus</strong></span> <span class='ocrx_word' id='word_1_70' title='bbox 397 2300 553 2382; x_wconf 80' lang='lat' dir='ltr'><strong>rapientur</strong></span> <span class='ocrx_word' id='word_1_71' title='bbox 582 2300 613 2363; x_wconf 93' lang='lat' dir='ltr'><strong>in</strong></span> <span class='ocrx_word' id='word_1_72' title='bbox 645 2299 779 2363; x_wconf 90' lang='lat' dir='ltr'><strong>nubibus</strong></span> <span class='ocrx_word' id='word_1_73' title='bbox 808 2300 839 2363; x_wconf 95' lang='lat' dir='ltr'><strong>in</strong></span> <span class='ocrx_word' id='word_1_74' title='bbox 875 2299 1001 2364; x_wconf 87' lang='lat' dir='ltr'><strong>obuiam</strong></span> <span class='ocrx_word' id='word_1_75' title='bbox 1031 2299 1154 2364; x_wconf 80' lang='lat' dir='ltr'><strong>Christo</strong></span> <span class='ocrx_word' id='word_1_76' title='bbox 1186 2299 1216 2363; x_wconf 92' lang='lat' dir='ltr'><strong>in</strong></span> <span class='ocrx_word' id='word_1_77' title='bbox 1248 2317 1329 2370; x_wconf 81' lang='lat' dir='ltr'><strong>aera.</strong></span> <span class='ocrx_word' id='word_1_78' title='bbox 1361 2298 1401 2362; x_wconf 89' lang='lat' dir='ltr'><strong>ad</strong></span> 
     </span>
     <span class='ocr_line' id='line_1_11' title="bbox 277 2401 1446 2488; baseline -0.003 -19"><span class='ocrx_word' id='word_1_79' title='bbox 277 2404 531 2469; x_wconf 68' lang='lat' dir='ltr'><strong>inmortalitatem</strong></span> <span class='ocrx_word' id='word_1_80' title='bbox 558 2425 612 2488; x_wconf 88' lang='lat' dir='ltr'><strong>per</strong></span> <span class='ocrx_word' id='word_1_81' title='bbox 638 2409 769 2470; x_wconf 88' lang='lat' dir='ltr'><strong>mortem</strong></span> <span class='ocrx_word' id='word_1_82' title='bbox 795 2405 874 2469; x_wconf 89' lang='lat' dir='ltr'><strong>mira</strong></span> <span class='ocrx_word' id='word_1_83' title='bbox 900 2405 1059 2469; x_wconf 86' lang='lat' dir='ltr'><strong>eeleritate</strong></span> <span class='ocrx_word' id='word_1_84' title='bbox 1081 2404 1266 2469; x_wconf 85' lang='lat' dir='ltr'><strong>transibunt.</strong></span> <span class='ocrx_word' id='word_1_85' title='bbox 1289 2401 1400 2485; x_wconf 88' lang='lat' dir='ltr'><strong>Neque</strong></span> <span class='ocrx_word' id='word_1_86' title='bbox 1419 2426 1446 2465; x_wconf 80' lang='lat' dir='ltr'><strong>so</strong></span> 
     </span>
     <span class='ocr_line' id='line_1_12' title="bbox 280 2509 1401 2593; baseline -0.001 -20"><span class='ocrx_word' id='word_1_87' title='bbox 280 2509 360 2574; x_wconf 90' lang='lat' dir='ltr'><strong>enim</strong></span> <span class='ocrx_word' id='word_1_88' title='bbox 398 2509 561 2575; x_wconf 85' lang='lat' dir='ltr'><strong>dicendum</strong></span> <span class='ocrx_word' id='word_1_89' title='bbox 593 2514 643 2575; x_wconf 92' lang='lat' dir='ltr'><strong>est</strong></span> <span class='ocrx_word' id='word_1_90' title='bbox 672 2510 739 2575; x_wconf 87' lang='lat' dir='ltr'><strong>lieri</strong></span> <span class='ocrx_word' id='word_1_91' title='bbox 769 2530 829 2575; x_wconf 93' lang='lat' dir='ltr'><strong>non</strong></span> <span class='ocrx_word' id='word_1_92' title='bbox 860 2529 963 2593; x_wconf 84' lang='lat' dir='ltr'><strong>posse,</strong></span> <span class='ocrx_word' id='word_1_93' title='bbox 999 2515 1045 2588; x_wconf 85' lang='lat' dir='ltr'><strong>nt,</strong></span> <span class='ocrx_word' id='word_1_94' title='bbox 1079 2511 1152 2574; x_wconf 86' lang='lat' dir='ltr'><strong>dnm</strong></span> <span class='ocrx_word' id='word_1_95' title='bbox 1184 2529 1239 2592; x_wconf 88' lang='lat' dir='ltr'><strong>per</strong></span> <span class='ocrx_word' id='word_1_96' title='bbox 1269 2528 1339 2573; x_wconf 88' lang='lat' dir='ltr'><strong>aera</strong></span> <span class='ocrx_word' id='word_1_97' title='bbox 1370 2510 1401 2572; x_wconf 93' lang='lat' dir='ltr'><strong>in</strong></span> 
     </span>
     <span class='ocr_line' id='line_1_13' title="bbox 281 2616 1402 2700; baseline -0.003 -20"><span class='ocrx_word' id='word_1_98' title='bbox 281 2616 414 2680; x_wconf 88' lang='lat' dir='ltr'><strong>sublime</strong></span> <span class='ocrx_word' id='word_1_99' title='bbox 437 2619 606 2699; x_wconf 77' lang='lat' dir='ltr'><strong>portantur,</strong></span> <span class='ocrx_word' id='word_1_100' title='bbox 628 2616 659 2681; x_wconf 91' lang='lat' dir='ltr'><strong>in</strong></span> <span class='ocrx_word' id='word_1_101' title='bbox 682 2616 737 2681; x_wconf 94' lang='lat' dir='ltr'><strong>illo</strong></span> <span class='ocrx_word' id='word_1_102' title='bbox 761 2617 862 2700; x_wconf 88' lang='lat' dir='ltr'><strong>spatio</strong></span> <span class='ocrx_word' id='word_1_103' title='bbox 891 2619 923 2680; x_wconf 89' lang='lat' dir='ltr'><strong>et</strong></span> <span class='ocrx_word' id='word_1_104' title='bbox 944 2616 1115 2681; x_wconf 85' lang='lat' dir='ltr'><strong>moriantur</strong></span> <span class='ocrx_word' id='word_1_105' title='bbox 1142 2621 1174 2680; x_wconf 91' lang='lat' dir='ltr'><strong>et</strong></span> <span class='ocrx_word' id='word_1_106' title='bbox 1195 2618 1402 2680; x_wconf 83' lang='lat' dir='ltr'><strong>reuiuesoant</strong></span> 
     </span>
     <span class='ocr_line' id='line_1_14' title="bbox 282 2719 1400 2804; baseline 0 -19"><span class='ocrx_word' id='word_1_107' title='bbox 282 2719 372 2800; x_wconf 81' lang='lat' dir='ltr'><strong>Quod</strong></span> <span class='ocrx_word' id='word_1_108' title='bbox 395 2722 478 2791; x_wconf 75' lang='lat' dir='ltr'><strong>enim</strong></span> <span class='ocrx_word' id='word_1_109' title='bbox 501 2724 559 2788; x_wconf 88' lang='lat' dir='ltr'><strong>ait:</strong></span> <span class='ocrx_word' id='word_1_110' title='bbox 582 2724 627 2787; x_wconf 78' lang='grc'><strong>111</strong></span> <span class='ocrx_word' id='word_1_111' title='bbox 649 2724 702 2788; x_wconf 92' lang='lat' dir='ltr'><strong>ita</strong></span> <span class='ocrx_word' id='word_1_112' title='bbox 726 2741 867 2804; x_wconf 89' lang='lat' dir='ltr'><strong>semper</strong></span> <span class='ocrx_word' id='word_1_113' title='bbox 890 2741 968 2786; x_wconf 88' lang='lat' dir='ltr'><strong>oum</strong></span> <span class='ocrx_word' id='word_1_114' title='bbox 993 2721 1146 2787; x_wconf 88' lang='lat' dir='ltr'><strong>Domino</strong></span> <span class='ocrx_word' id='word_1_115' title='bbox 1170 2723 1316 2799; x_wconf 82' lang='lat' dir='ltr'><strong>erimus,</strong></span> <span class='ocrx_word' id='word_1_116' title='bbox 1339 2741 1400 2785; x_wconf 90' lang='lat' dir='ltr'><strong>non</strong></span> 
     </span>
     <span class='ocr_line' id='line_1_15' title="bbox 280 2827 1403 2910; baseline -0.001 -18"><span class='ocrx_word' id='word_1_117' title='bbox 280 2827 325 2892; x_wconf 85' lang='lat' dir='ltr'><strong>sie</strong></span> <span class='ocrx_word' id='word_1_118' title='bbox 357 2827 569 2910; x_wconf 78' lang='lat' dir='ltr'><strong>accipiendum</strong></span> <span class='ocrx_word' id='word_1_119' title='bbox 602 2832 660 2905; x_wconf 83' lang='lat' dir='ltr'><strong>est,</strong></span> <span class='ocrx_word' id='word_1_120' title='bbox 696 2834 854 2910; x_wconf 87' lang='lat' dir='ltr'><strong>tamquam</strong></span> <span class='ocrx_word' id='word_1_121' title='bbox 885 2829 917 2892; x_wconf 95' lang='lat' dir='ltr'><strong>in</strong></span> <span class='ocrx_word' id='word_1_122' title='bbox 949 2847 1019 2893; x_wconf 85' lang='lat' dir='ltr'><strong>aere</strong></span> <span class='ocrx_word' id='word_1_123' title='bbox 1050 2847 1107 2893; x_wconf 90' lang='lat' dir='ltr'><strong>nos</strong></span> <span class='ocrx_word' id='word_1_124' title='bbox 1138 2827 1250 2892; x_wconf 83' lang='lat' dir='ltr'><strong>dixerit</strong></span> <span class='ocrx_word' id='word_1_125' title='bbox 1279 2846 1403 2909; x_wconf 84' lang='lat' dir='ltr'><strong>semper</strong></span> 
     </span>
     <span class='ocr_line' id='line_1_16' title="bbox 280 2933 1446 3017; baseline -0.003 -19"><span class='ocrx_word' id='word_1_126' title='bbox 280 2951 352 2998; x_wconf 87' lang='lat' dir='ltr'><strong>enm</strong></span> <span class='ocrx_word' id='word_1_127' title='bbox 374 2934 506 2999; x_wconf 88' lang='lat' dir='ltr'><strong>Domino</strong></span> <span class='ocrx_word' id='word_1_128' title='bbox 525 2953 594 3000; x_wconf 89' lang='lat' dir='ltr'><strong>osse</strong></span> <span class='ocrx_word' id='word_1_129' title='bbox 613 2953 789 3008; x_wconf 72' lang='lat' dir='ltr'><strong>mansurom</strong></span> <span class='ocrx_word' id='word_1_130' title='bbox 815 2935 888 3016; x_wconf 88' lang='lat' dir='ltr'><strong>qnia</strong></span> <span class='ocrx_word' id='word_1_131' title='bbox 905 2952 961 2999; x_wconf 91' lang='lat' dir='ltr'><strong>neo</strong></span> <span class='ocrx_word' id='word_1_132' title='bbox 980 2935 1047 3015; x_wconf 89' lang='lat' dir='ltr'><strong>ipse</strong></span> <span class='ocrx_word' id='word_1_133' title='bbox 1064 2935 1173 3017; x_wconf 90' lang='lat' dir='ltr'><strong>ntique</strong></span> <span class='ocrx_word' id='word_1_134' title='bbox 1191 2933 1235 2997; x_wconf 90' lang='lat' dir='ltr'><strong>ibi</strong></span> <span class='ocrx_word' id='word_1_135' title='bbox 1254 2933 1401 3009; x_wconf 77' lang='lat' dir='ltr'><strong>manebit,</strong></span> <span class='ocrx_word' id='word_1_136' title='bbox 1421 2958 1446 2996; x_wconf 77' lang='lat' dir='ltr'><strong>rs</strong></span> 
     </span>
     <span class='ocr_line' id='line_1_17' title="bbox 281 3039 1402 3124; baseline -0.002 -20"><span class='ocrx_word' id='word_1_137' title='bbox 281 3040 354 3122; x_wconf 88' lang='lat' dir='ltr'><strong>quia</strong></span> <span class='ocrx_word' id='word_1_138' title='bbox 380 3039 508 3104; x_wconf 91' lang='lat' dir='ltr'><strong>ueniens</strong></span> <span class='ocrx_word' id='word_1_139' title='bbox 534 3042 723 3107; x_wconf 89' lang='lat' dir='ltr'><strong>transiturus</strong></span> <span class='ocrx_word' id='word_1_140' title='bbox 750 3045 813 3117; x_wconf 78' lang='lat' dir='ltr'><strong>sst3</strong></span> <span class='ocrx_word' id='word_1_141' title='bbox 841 3040 978 3105; x_wconf 88' lang='lat' dir='ltr'><strong>uenienti</strong></span> <span class='ocrx_word' id='word_1_142' title='bbox 1006 3040 1121 3124; x_wconf 88' lang='lat' dir='ltr'><strong>qnippe</strong></span> <span class='ocrx_word' id='word_1_143' title='bbox 1147 3039 1245 3105; x_wconf 87' lang='lat' dir='ltr'><strong>ibitur</strong></span> <span class='ocrx_word' id='word_1_144' title='bbox 1266 3039 1402 3116; x_wconf 87' lang='lat' dir='ltr'><strong>obuiam,</strong></span> 
     </span>
     <span class='ocr_line' id='line_1_18' title="bbox 280 3146 1403 3239; baseline -0.006 -24"><span class='ocrx_word' id='word_1_145' title='bbox 280 3165 341 3215; x_wconf 92' lang='lat' dir='ltr'><strong>non</strong></span> <span class='ocrx_word' id='word_1_146' title='bbox 372 3146 522 3239; x_wconf 88' lang='lat' dir='ltr'><strong>manenti;</strong></span> <span class='ocrx_word' id='word_1_147' title='bbox 555 3147 611 3213; x_wconf 89' lang='lat' dir='ltr'><strong>sed</strong></span> <span class='ocrx_word' id='word_1_148' title='bbox 641 3147 695 3213; x_wconf 87' lang='lat' dir='ltr'><strong>ita</strong></span> <span class='ocrx_word' id='word_1_149' title='bbox 726 3166 804 3213; x_wconf 89' lang='lat' dir='ltr'><strong>oum</strong></span> <span class='ocrx_word' id='word_1_150' title='bbox 836 3146 990 3213; x_wconf 87' lang='lat' dir='ltr'><strong>Domino</strong></span> <span class='ocrx_word' id='word_1_151' title='bbox 1023 3147 1170 3225; x_wconf 89' lang='lat' dir='ltr'><strong>erimus,</strong></span> <span class='ocrx_word' id='word_1_152' title='bbox 1201 3146 1234 3210; x_wconf 86' lang='lat' dir='ltr'><strong>id</strong></span> <span class='ocrx_word' id='word_1_153' title='bbox 1265 3148 1324 3221; x_wconf 75' lang='lat' dir='ltr'><strong>est,</strong></span> <span class='ocrx_word' id='word_1_154' title='bbox 1356 3146 1403 3209; x_wconf 87' lang='lat' dir='ltr'><strong>sie</strong></span> 
     </span>
     <span class='ocr_line' id='line_1_19' title="bbox 281 3251 1403 3336; baseline -0.001 -19"><span class='ocrx_word' id='word_1_155' title='bbox 281 3251 396 3317; x_wconf 89' lang='lat' dir='ltr'><strong>erimus</strong></span> <span class='ocrx_word' id='word_1_156' title='bbox 432 3252 580 3318; x_wconf 84' lang='lat' dir='ltr'><strong>habentes</strong></span> <span class='ocrx_word' id='word_1_157' title='bbox 617 3271 744 3335; x_wconf 85' lang='lat' dir='ltr'><strong>corpora</strong></span> <span class='ocrx_word' id='word_1_158' title='bbox 780 3253 978 3335; x_wconf 85' lang='lat' dir='ltr'><strong>sempitema‚</strong></span> <span class='ocrx_word' id='word_1_159' title='bbox 1016 3252 1205 3336; x_wconf 86' lang='lat' dir='ltr'><strong>ubicumque</strong></span> <span class='ocrx_word' id='word_1_160' title='bbox 1241 3271 1313 3317; x_wconf 85' lang='lat' dir='ltr'><strong>enm</strong></span> <span class='ocrx_word' id='word_1_161' title='bbox 1347 3251 1403 3316; x_wconf 90' lang='lat' dir='ltr'><strong>illo</strong></span> 
     </span>
     <span class='ocr_line' id='line_1_20' title="bbox 279 3357 1403 3441; baseline 0 -19"><span class='ocrx_word' id='word_1_162' title='bbox 279 3357 442 3423; x_wconf 86' lang='lat' dir='ltr'><strong>fuerimus.</strong></span> <span class='ocrx_word' id='word_1_163' title='bbox 472 3358 521 3423; x_wconf 80' lang='lat' dir='ltr'><strong>Ad</strong></span> <span class='ocrx_word' id='word_1_164' title='bbox 552 3360 633 3423; x_wconf 85' lang='lat' dir='ltr'><strong>hune</strong></span> <span class='ocrx_word' id='word_1_165' title='bbox 665 3363 770 3425; x_wconf 88' lang='lat' dir='ltr'><strong>autem</strong></span> <span class='ocrx_word' id='word_1_166' title='bbox 801 3378 938 3433; x_wconf 85' lang='lat' dir='ltr'><strong>sensum,</strong></span> <span class='ocrx_word' id='word_1_167' title='bbox 971 3378 1031 3441; x_wconf 87' lang='lat' dir='ltr'><strong>qno</strong></span> <span class='ocrx_word' id='word_1_168' title='bbox 1064 3359 1276 3424; x_wconf 81' lang='lat' dir='ltr'><strong>existimemus</strong></span> <span class='ocrx_word' id='word_1_169' title='bbox 1308 3358 1403 3423; x_wconf 89' lang='lat' dir='ltr'><strong>etiam</strong></span> 
     </span>
     <span class='ocr_line' id='line_1_21' title="bbox 280 3462 1448 3546; baseline 0 -20"><span class='ocrx_word' id='word_1_170' title='bbox 280 3462 363 3537; x_wconf 81' lang='lat' dir='ltr'><strong>illos,</strong></span> <span class='ocrx_word' id='word_1_171' title='bbox 391 3481 469 3545; x_wconf 86' lang='lat' dir='ltr'><strong>quos</strong></span> <span class='ocrx_word' id='word_1_172' title='bbox 496 3462 548 3528; x_wconf 91' lang='lat' dir='ltr'><strong>hio</strong></span> <span class='ocrx_word' id='word_1_173' title='bbox 574 3464 666 3529; x_wconf 89' lang='lat' dir='ltr'><strong>uiuos</strong></span> <span class='ocrx_word' id='word_1_174' title='bbox 689 3464 873 3529; x_wconf 83' lang='lat' dir='ltr'><strong>inuenturos</strong></span> <span class='ocrx_word' id='word_1_175' title='bbox 897 3469 946 3528; x_wconf 90' lang='lat' dir='ltr'><strong>est</strong></span> <span class='ocrx_word' id='word_1_176' title='bbox 966 3465 1130 3541; x_wconf 84' lang='lat' dir='ltr'><strong>Dominus,</strong></span> <span class='ocrx_word' id='word_1_177' title='bbox 1159 3465 1190 3528; x_wconf 89' lang='lat' dir='ltr'><strong>in</strong></span> <span class='ocrx_word' id='word_1_178' title='bbox 1213 3464 1282 3546; x_wconf 88' lang='lat' dir='ltr'><strong>ipso</strong></span> <span class='ocrx_word' id='word_1_179' title='bbox 1305 3482 1402 3546; x_wconf 87' lang='lat' dir='ltr'><strong>paruo</strong></span> <span class='ocrx_word' id='word_1_180' title='bbox 1420 3486 1448 3526; x_wconf 76' lang='lat' dir='ltr'><strong>so</strong></span> 
     </span>
     <span class='ocr_line' id='line_1_22' title="bbox 282 3568 1403 3653; baseline -0.002 -20"><span class='ocrx_word' id='word_1_181' title='bbox 282 3569 383 3650; x_wconf 93' lang='lat' dir='ltr'><strong>spatio</strong></span> <span class='ocrx_word' id='word_1_182' title='bbox 406 3574 438 3633; x_wconf 88' lang='lat' dir='ltr'><strong>et</strong></span> <span class='ocrx_word' id='word_1_183' title='bbox 460 3587 607 3652; x_wconf 85' lang='lat' dir='ltr'><strong>passuros</strong></span> <span class='ocrx_word' id='word_1_184' title='bbox 631 3572 762 3634; x_wconf 88' lang='lat' dir='ltr'><strong>mortem</strong></span> <span class='ocrx_word' id='word_1_185' title='bbox 785 3574 817 3635; x_wconf 90' lang='lat' dir='ltr'><strong>et</strong></span> <span class='ocrx_word' id='word_1_186' title='bbox 839 3572 1022 3653; x_wconf 90' lang='lat' dir='ltr'><strong>aooeptnros</strong></span> <span class='ocrx_word' id='word_1_187' title='bbox 1044 3570 1309 3645; x_wconf 85' lang='lat' dir='ltr'><strong>inmortalitatem,</strong></span> <span class='ocrx_word' id='word_1_188' title='bbox 1334 3568 1403 3651; x_wconf 92' lang='lat' dir='ltr'><strong>ipse</strong></span> 
     </span>
     <span class='ocr_line' id='line_1_23' title="bbox 282 3673 1402 3758; baseline -0.001 -21"><span class='ocrx_word' id='word_1_189' title='bbox 282 3674 443 3756; x_wconf 86' lang='lat' dir='ltr'><strong>apostolus</strong></span> <span class='ocrx_word' id='word_1_190' title='bbox 471 3694 527 3739; x_wconf 89' lang='lat' dir='ltr'><strong>nos</strong></span> <span class='ocrx_word' id='word_1_191' title='bbox 551 3675 674 3739; x_wconf 89' lang='lat' dir='ltr'><strong>uidetur</strong></span> <span class='ocrx_word' id='word_1_192' title='bbox 696 3694 816 3758; x_wconf 81' lang='lat' dir='ltr'><strong>urgere,</strong></span> <span class='ocrx_word' id='word_1_193' title='bbox 844 3674 899 3739; x_wconf 90' lang='lat' dir='ltr'><strong>ubi</strong></span> <span class='ocrx_word' id='word_1_194' title='bbox 922 3674 1013 3739; x_wconf 81' lang='lat' dir='ltr'><strong>dicit:</strong></span> <span class='ocrx_word' id='word_1_195' title='bbox 1041 3675 1081 3740; x_wconf 94' lang='lat' dir='ltr'><strong>In</strong></span> <span class='ocrx_word' id='word_1_196' title='bbox 1105 3673 1255 3740; x_wconf 80' lang='lat' dir='ltr'><strong>Christo</strong></span> <span class='ocrx_word' id='word_1_197' title='bbox 1279 3692 1402 3738; x_wconf 84' lang='lat' dir='ltr'><strong>ornnes</strong></span> 
     </span>
     <span class='ocr_line' id='line_1_24' title="bbox 281 3779 1403 3863; baseline -0.002 -20"><span class='ocrx_word' id='word_1_198' title='bbox 281 3779 598 3855; x_wconf 80' lang='lat' dir='ltr'><strong>uiniiioebuntnr3</strong></span> <span class='ocrx_word' id='word_1_199' title='bbox 622 3799 692 3845; x_wconf 91' lang='lat' dir='ltr'><strong>oum</strong></span> <span class='ocrx_word' id='word_1_200' title='bbox 717 3781 777 3846; x_wconf 92' lang='lat' dir='ltr'><strong>alio</strong></span> <span class='ocrx_word' id='word_1_201' title='bbox 800 3781 869 3846; x_wconf 83' lang='lat' dir='ltr'><strong>loeo</strong></span> <span class='ocrx_word' id='word_1_202' title='bbox 888 3780 926 3845; x_wconf 88' lang='lat' dir='ltr'><strong>de</strong></span> <span class='ocrx_word' id='word_1_203' title='bbox 944 3779 1013 3861; x_wconf 85' lang='lat' dir='ltr'><strong>ipsa</strong></span> <span class='ocrx_word' id='word_1_204' title='bbox 1030 3781 1160 3863; x_wconf 89' lang='lat' dir='ltr'><strong>loquens</strong></span> <span class='ocrx_word' id='word_1_205' title='bbox 1178 3780 1403 3844; x_wconf 85' lang='lat' dir='ltr'><strong>resurreetione</strong></span> 
     </span>
     <span class='ocr_line' id='line_1_25' title="bbox 282 3884 1402 3970; baseline -0.002 -21"><span class='ocrx_word' id='word_1_206' title='bbox 282 3903 445 3968; x_wconf 89' lang='lat' dir='ltr'><strong>eorpomm</strong></span> <span class='ocrx_word' id='word_1_207' title='bbox 470 3887 565 3953; x_wconf 87' lang='lat' dir='ltr'><strong>dicat:</strong></span> <span class='ocrx_word' id='word_1_208' title='bbox 588 3888 640 3952; x_wconf 81' lang='lat' dir='ltr'><strong>Tu</strong></span> <span class='ocrx_word' id='word_1_209' title='bbox 663 3888 758 3970; x_wconf 87' lang='lat' dir='ltr'><strong>quod</strong></span> <span class='ocrx_word' id='word_1_210' title='bbox 786 3888 956 3963; x_wconf 80' lang='lat' dir='ltr'><strong>seminas,</strong></span> <span class='ocrx_word' id='word_1_211' title='bbox 980 3905 1051 3952; x_wconf 88' lang='lat' dir='ltr'><strong>nen</strong></span> <span class='ocrx_word' id='word_1_212' title='bbox 1074 3887 1304 3951; x_wconf 86' lang='lat' dir='ltr'><strong>uiuifiontnr.</strong></span> <span class='ocrx_word' id='word_1_213' title='bbox 1331 3884 1402 3950; x_wconf 92' lang='lat' dir='ltr'><strong>nisi</strong></span> 
     </span>
     <span class='ocr_line' id='line_1_26' title="bbox 282 3990 1447 4078; baseline 0.001 -24"><span class='ocrx_word' id='word_1_214' title='bbox 282 3992 471 4057; x_wconf 89' lang='lat' dir='ltr'><strong>moriatur.</strong></span> <span class='ocrx_word' id='word_1_215' title='bbox 507 3990 574 4071; x_wconf 84' lang='lat' dir='ltr'><strong>Quo</strong></span> <span class='ocrx_word' id='word_1_216' title='bbox 610 3993 702 4057; x_wconf 89' lang='lat' dir='ltr'><strong>modo</strong></span> <span class='ocrx_word' id='word_1_217' title='bbox 737 3993 843 4078; x_wconf 75' lang='lat' dir='ltr'><strong>igitur,</strong></span> <span class='ocrx_word' id='word_1_218' title='bbox 882 4011 960 4075; x_wconf 87' lang='lat' dir='ltr'><strong>qnos</strong></span> <span class='ocrx_word' id='word_1_219' title='bbox 997 3993 1141 4057; x_wconf 85' lang='lat' dir='ltr'><strong>uiuentes</strong></span> <span class='ocrx_word' id='word_1_220' title='bbox 1176 3992 1227 4057; x_wconf 85' lang='lat' dir='ltr'><strong>hio</strong></span> <span class='ocrx_word' id='word_1_221' title='bbox 1259 3991 1403 4056; x_wconf 83' lang='lat' dir='ltr'><strong>Christus</strong></span> <span class='ocrx_word' id='word_1_222' title='bbox 1421 4012 1447 4051; x_wconf 74' lang='lat' dir='ltr'><strong>re</strong></span> 
     </span>
     <span class='ocr_line' id='line_1_27' title="bbox 282 4097 1401 4181; baseline 0 -21"><span class='ocrx_word' id='word_1_223' title='bbox 282 4097 427 4172; x_wconf 85' lang='lat' dir='ltr'><strong>inueniet,</strong></span> <span class='ocrx_word' id='word_1_224' title='bbox 459 4117 512 4181; x_wconf 85' lang='lat' dir='ltr'><strong>per</strong></span> <span class='ocrx_word' id='word_1_225' title='bbox 543 4098 795 4163; x_wconf 76' lang='lat' dir='ltr'><strong>inmortalitatem</strong></span> <span class='ocrx_word' id='word_1_226' title='bbox 826 4098 858 4163; x_wconf 92' lang='lat' dir='ltr'><strong>in</strong></span> <span class='ocrx_word' id='word_1_227' title='bbox 888 4098 944 4163; x_wconf 94' lang='lat' dir='ltr'><strong>illo</strong></span> <span class='ocrx_word' id='word_1_228' title='bbox 971 4098 1224 4174; x_wconf 85' lang='lat' dir='ltr'><strong>uinifieabuntur‚</strong></span> <span class='ocrx_word' id='word_1_229' title='bbox 1255 4097 1316 4161; x_wconf 90' lang='lat' dir='ltr'><strong>etsi</strong></span> <span class='ocrx_word' id='word_1_230' title='bbox 1343 4116 1401 4162; x_wconf 93' lang='lat' dir='ltr'><strong>non</strong></span> 
     </span>
     <span class='ocr_line' id='line_1_28' title="bbox 283 4203 1403 4288; baseline -0.001 -21"><span class='ocrx_word' id='word_1_231' title='bbox 283 4203 462 4280; x_wconf 84' lang='lat' dir='ltr'><strong>moriantur,</strong></span> <span class='ocrx_word' id='word_1_232' title='bbox 486 4223 556 4268; x_wconf 86' lang='lat' dir='ltr'><strong>eum</strong></span> <span class='ocrx_word' id='word_1_233' title='bbox 580 4203 742 4269; x_wconf 86' lang='lat' dir='ltr'><strong>uideamus</strong></span> <span class='ocrx_word' id='word_1_234' title='bbox 760 4208 886 4288; x_wconf 87' lang='lat' dir='ltr'><strong>propter</strong></span> <span class='ocrx_word' id='word_1_235' title='bbox 903 4206 962 4270; x_wconf 88' lang='lat' dir='ltr'><strong>hoe</strong></span> <span class='ocrx_word' id='word_1_236' title='bbox 985 4223 1054 4268; x_wconf 87' lang='lat' dir='ltr'><strong>esee</strong></span> <span class='ocrx_word' id='word_1_237' title='bbox 1077 4204 1209 4268; x_wconf 85' lang='lat' dir='ltr'><strong>dictum:</strong></span> <span class='ocrx_word' id='word_1_238' title='bbox 1233 4203 1284 4266; x_wconf 85' lang='lat' dir='ltr'><strong>Tu</strong></span> <span class='ocrx_word' id='word_1_239' title='bbox 1307 4203 1403 4285; x_wconf 87' lang='lat' dir='ltr'><strong>quod</strong></span> 
     </span>
     <span class='ocr_line' id='line_1_29' title="bbox 284 4309 1403 4389; baseline -0.002 -15"><span class='ocrx_word' id='word_1_240' title='bbox 284 4309 454 4385; x_wconf 80' lang='lat' dir='ltr'><strong>seminas,</strong></span> <span class='ocrx_word' id='word_1_241' title='bbox 486 4329 552 4375; x_wconf 94' lang='lat' dir='ltr'><strong>non</strong></span> <span class='ocrx_word' id='word_1_242' title='bbox 582 4310 814 4389; x_wconf 71' lang='lat' dir='ltr'><strong>molimatur,</strong></span> <span class='ocrx_word' id='word_1_243' title='bbox 841 4310 917 4375; x_wconf 89' lang='lat' dir='ltr'><strong>nisi</strong></span> <span class='ocrx_word' id='word_1_244' title='bbox 944 4310 1143 4374; x_wconf 81' lang='lat' dir='ltr'><strong>moriatur?</strong></span> <span class='ocrx_word' id='word_1_245' title='bbox 1175 4313 1239 4374; x_wconf 81' lang='lat' dir='ltr'><strong>Aut</strong></span> <span class='ocrx_word' id='word_1_246' title='bbox 1265 4309 1292 4372; x_wconf 94' lang='lat' dir='ltr'><strong>si</strong></span> <span class='ocrx_word' id='word_1_247' title='bbox 1319 4310 1403 4372; x_wconf 85' lang='lat' dir='ltr'><strong>reete</strong></span> 
     </span>
     <span class='ocr_line' id='line_1_30' title="bbox 284 4414 1401 4498; baseline -0.001 -19"><span class='ocrx_word' id='word_1_248' title='bbox 284 4433 342 4479; x_wconf 93' lang='lat' dir='ltr'><strong>non</strong></span> <span class='ocrx_word' id='word_1_249' title='bbox 366 4415 500 4479; x_wconf 84' lang='lat' dir='ltr'><strong>dicimus</strong></span> <span class='ocrx_word' id='word_1_250' title='bbox 520 4416 663 4480; x_wconf 87' lang='lat' dir='ltr'><strong>seminari</strong></span> <span class='ocrx_word' id='word_1_251' title='bbox 681 4416 741 4479; x_wconf 88' lang='lat' dir='ltr'><strong>nisi</strong></span> <span class='ocrx_word' id='word_1_252' title='bbox 759 4435 796 4479; x_wconf 87' lang='lat' dir='ltr'><strong>ea</strong></span> <span class='ocrx_word' id='word_1_253' title='bbox 814 4435 940 4498; x_wconf 81' lang='lat' dir='ltr'><strong>corpora</strong></span> <span class='ocrx_word' id='word_1_254' title='bbox 959 4416 1128 4494; x_wconf 78' lang='lat' dir='ltr'><strong>hominum,</strong></span> <span class='ocrx_word' id='word_1_255' title='bbox 1148 4434 1226 4496; x_wconf 90' lang='lat' dir='ltr'><strong>qnae</strong></span> <span class='ocrx_word' id='word_1_256' title='bbox 1245 4414 1401 4478; x_wconf 90' lang='lat' dir='ltr'><strong>moriendo</strong></span> 
     </span>
    </p>
   </div>
   <div class='ocr_carea' id='block_1_3' title="bbox 373 4620 851 4687">
    <p class='ocr_par' dir='ltr' id='par_1_4' title="bbox 373 4620 851 4687">
     <span class='ocr_line' id='line_1_31' title="bbox 373 4620 851 4687; baseline -0.008 -14"><span class='ocrx_word' id='word_1_257' title='bbox 373 4622 407 4674; x_wconf 95' lang='grc'><strong>22</strong></span> <span class='ocrx_word' id='word_1_258' title='bbox 428 4624 451 4677; x_wconf 92' lang='lat'><strong>1.</strong></span> <span class='ocrx_word' id='word_1_259' title='bbox 471 4620 529 4676; x_wconf 85' lang='lat' dir='ltr'><strong>Cor.</strong></span> <span class='ocrx_word' id='word_1_260' title='bbox 549 4624 591 4687; x_wconf 84' lang='lat'><strong>15,</strong></span> <span class='ocrx_word' id='word_1_261' title='bbox 610 4623 644 4676; x_wconf 92' lang='grc'><strong>22</strong></span> <span class='ocrx_word' id='word_1_262' title='bbox 698 4623 732 4677; x_wconf 77' lang='grc'><strong>24</strong></span> <span class='ocrx_word' id='word_1_263' title='bbox 750 4620 785 4676; x_wconf 91' lang='lat' dir='ltr'><strong>ib.</strong></span> <span class='ocrx_word' id='word_1_264' title='bbox 804 4623 851 4676; x_wconf 85' lang='lat'><strong>36.</strong></span> 
     </span>
    </p>
   </div>
   <div class='ocr_carea' id='block_1_4' title="bbox 286 4744 1403 5024">
    <p class='ocr_par' dir='ltr' id='par_1_5' title="bbox 286 4744 1403 5024">
     <span class='ocr_line' id='line_1_32' title="bbox 322 4744 1402 4814; baseline 0.001 -17"><span class='ocrx_word' id='word_1_265' title='bbox 322 4744 526 4814; x_wconf 81' lang='lat' dir='ltr'><strong>leemperoor.</strong></span> <span class='ocrx_word' id='word_1_266' title='bbox 545 4763 563 4796; x_wconf 83' lang='lat' dir='ltr'><strong>n</strong></span> <span class='ocrx_word' id='word_1_267' title='bbox 633 4762 690 4800; x_wconf 89' lang='lat' dir='ltr'><strong>enm</strong></span> <span class='ocrx_word' id='word_1_268' title='bbox 708 4745 822 4800; x_wconf 86' lang='lat' dir='ltr'><strong>Domino</strong></span> <span class='ocrx_word' id='word_1_269' title='bbox 841 4762 924 4800; x_wconf 78' lang='lat' dir='ltr'><strong>onae</strong></span> <span class='ocrx_word' id='word_1_270' title='bbox 976 4746 1127 4800; x_wconf 71' lang='lat' dir='ltr'><strong>tiatorem</strong></span> <span class='ocrx_word' id='word_1_271' title='bbox 1146 4744 1258 4798; x_wconf 81' lang='lat' dir='ltr'><strong>mortb</strong></span> <span class='ocrx_word' id='word_1_272' title='bbox 1311 4744 1402 4798; x_wconf 78' lang='grc' dir='ltr'><strong>3Βο-</strong></span> 
     </span>
     <span class='ocr_line' id='line_1_33' title="bbox 286 4832 1401 4904; baseline -0.001 -18"><span class='ocrx_word' id='word_1_273' title='bbox 286 4832 373 4886; x_wconf 85' lang='lat' dir='ltr'><strong>minna</strong></span> <span class='ocrx_word' id='word_1_274' title='bbox 392 4832 547 4887; x_wconf 85' lang='lat' dir='ltr'><strong>Christnse</strong></span> <span class='ocrx_word' id='word_1_275' title='bbox 615 4835 632 4888; x_wconf 88' lang='grc'>8</span> <span class='ocrx_word' id='word_1_276' title='bbox 650 4838 714 4888; x_wconf 87' lang='lat' dir='ltr'><strong>eunt</strong></span> <span class='ocrx_word' id='word_1_277' title='bbox 731 4834 771 4889; x_wconf 85' lang='lat' dir='ltr'><strong>be</strong></span> <span class='ocrx_word' id='word_1_278' title='bbox 865 4849 1028 4904; x_wconf 86' lang='lat' dir='ltr'><strong>quocumque</strong></span> <span class='ocrx_word' id='word_1_279' title='bbox 1047 4833 1062 4886; x_wconf 81' lang='lat' dir='ltr'><em>b</em></span> <span class='ocrx_word' id='word_1_280' title='bbox 1132 4834 1149 4886; x_wconf 86' lang='grc'>9</span> <span class='ocrx_word' id='word_1_281' title='bbox 1167 4833 1194 4885; x_wconf 92' lang='lat' dir='ltr'><strong>in</strong></span> <span class='ocrx_word' id='word_1_282' title='bbox 1214 4839 1277 4885; x_wconf 76' lang='lat' dir='ltr'><strong>onte</strong></span> <span class='ocrx_word' id='word_1_283' title='bbox 1295 4832 1401 4886; x_wconf 88' lang='lat' dir='ltr'><strong>obuiam</strong></span> 
     </span>
     <span class='ocr_line' id='line_1_34' title="bbox 286 4920 1403 5024; baseline 0 -49"><span class='ocrx_word' id='word_1_284' title='bbox 286 4935 337 4975; x_wconf 77' lang='lat' dir='ltr'><strong>om.</strong></span> <span class='ocrx_word' id='word_1_285' title='bbox 354 4938 373 5024; x_wconf 67' lang='grc' dir='ltr'><strong>ῐι)</strong></span> <span class='ocrx_word' id='word_1_286' title='bbox 463 4922 492 4975; x_wconf 93' lang='lat' dir='ltr'><strong>ll</strong></span> <span class='ocrx_word' id='word_1_287' title='bbox 516 4939 563 4991; x_wconf 81' lang='lat' dir='ltr'><strong>per</strong></span> <span class='ocrx_word' id='word_1_288' title='bbox 586 4938 668 4976; x_wconf 77' lang='lat' dir='ltr'><strong>onae</strong></span> <span class='ocrx_word' id='word_1_289' title='bbox 757 4926 789 4978; x_wconf 82' lang='lat'><strong>16</strong></span> <span class='ocrx_word' id='word_1_290' title='bbox 813 4940 865 4992; x_wconf 89' lang='lat' dir='ltr'><strong>qua</strong></span> <span class='ocrx_word' id='word_1_291' title='bbox 887 4923 1029 4975; x_wconf 72' lang='lat' dir='ltr'><strong>narniense</strong></span> <span class='ocrx_word' id='word_1_292' title='bbox 1133 4920 1218 4988; x_wconf 73' lang='lat' dir='ltr'><strong>Ilitur,</strong></span> <span class='ocrx_word' id='word_1_293' title='bbox 1242 4921 1275 4976; x_wconf 93' lang='lat' dir='ltr'><strong>ob</strong></span> <span class='ocrx_word' id='word_1_294' title='bbox 1294 4938 1403 4984; x_wconf 60' lang='lat' dir='ltr'><strong>erasme</strong></span> 
     </span>
    </p>
   </div>
   <div class='ocr_carea' id='block_1_5' title="bbox 286 5034 1403 5194">
    <p class='ocr_par' dir='ltr' id='par_1_6' title="bbox 286 5034 1403 5194">
     <span class='ocr_line' id='line_1_35' title="bbox 288 5034 1403 5105; baseline -0.001 -17"><span class='ocrx_word' id='word_1_295' title='bbox 288 5036 322 5088; x_wconf 85' lang='grc'><strong>19</strong></span> <span class='ocrx_word' id='word_1_296' title='bbox 340 5036 528 5105; x_wconf 77' lang='lat' dir='ltr'><strong>extimemnsp</strong></span> <span class='ocrx_word' id='word_1_297' title='bbox 619 5037 652 5089; x_wconf 85' lang='lat'><strong>23</strong></span> <span class='ocrx_word' id='word_1_298' title='bbox 672 5037 851 5091; x_wconf 85' lang='lat' dir='ltr'><strong>uiuificabitnr</strong></span> <span class='ocrx_word' id='word_1_299' title='bbox 869 5056 887 5091; x_wconf 83' lang='lat' dir='ltr'><strong><em>a</em></strong></span> <span class='ocrx_word' id='word_1_300' title='bbox 978 5038 1012 5091; x_wconf 81' lang='grc'><strong>24</strong></span> <span class='ocrx_word' id='word_1_301' title='bbox 1030 5036 1081 5089; x_wconf 90' lang='lat' dir='ltr'><strong>nisi</strong></span> <span class='ocrx_word' id='word_1_302' title='bbox 1100 5037 1171 5105; x_wconf 78' lang='lat' dir='ltr'><strong>prins</strong></span> <span class='ocrx_word' id='word_1_303' title='bbox 1190 5055 1207 5086; x_wconf 84' lang='grc' dir='ltr'><strong><em>α</em></strong></span> <span class='ocrx_word' id='word_1_304' title='bbox 1299 5038 1332 5090; x_wconf 76' lang='grc'><strong>28</strong></span> <span class='ocrx_word' id='word_1_305' title='bbox 1352 5034 1403 5088; x_wconf 88' lang='lat' dir='ltr'><strong>nisi</strong></span> 
     </span>
     <span class='ocr_line' id='line_1_36' title="bbox 286 5122 615 5194; baseline 0.003 -19"><span class='ocrx_word' id='word_1_306' title='bbox 286 5122 359 5192; x_wconf 86' lang='lat' dir='ltr'><strong>prius</strong></span> <span class='ocrx_word' id='word_1_307' title='bbox 377 5138 418 5176; x_wconf 79' lang='lat' dir='ltr'><strong>eu</strong></span> <span class='ocrx_word' id='word_1_308' title='bbox 435 5122 583 5191; x_wconf 67' lang='lat' dir='ltr'><strong>morientur</strong></span> <span class='ocrx_word' id='word_1_309' title='bbox 598 5142 615 5194; x_wconf 79' lang='lat'><strong><em>9</em></strong></span> 
     </span>
    </p>
   </div>
   <div class='ocr_carea' id='block_1_6' title="bbox 0 0 1626 6325">
    <p class='ocr_par' dir='ltr' id='par_1_7' title="bbox 0 0 1626 6325">
     <span class='ocr_line' id='line_1_37' title="bbox 0 0 1626 6325; baseline 0 0"><span class='ocrx_word' id='word_1_310' title='bbox 0 0 1626 6325; x_wconf 95' lang='lat' dir='ltr'><strong> </strong></span> 
     </span>
    </p>
   </div>
  </div>
 </body>
</html>
