3217 6325
280 1314 346 1378 366
614 1312 641 1364 S.
668 1311 821 1365 Aurelii
848 1313 1062 1380 Augustini

277 1504 452 1576 caluerunt,
475 1510 531 1567 aut
551 1505 756 1587 negotiosam,
779 1505 864 1569 sicut
884 1505 927 1580 hi,
945 1505 999 1586 qni
1018 1524 1089 1568 curn
1107 1503 1405 1587 philosopharentur

277 1613 380 1672 tamen
403 1609 672 1675 administratione
693 1611 738 1674 rei
761 1610 904 1693 publicae
921 1610 1126 1693 regendisque
1143 1609 1236 1673 rebus
1254 1609 1402 1673 humanis

277 1716 510 1797 occupatissimi
545 1715 680 1792 luemnt,
717 1721 773 1779 aut
808 1733 843 1779 er
878 1718 1010 1796 utroque
1043 1734 1154 1798 genere
1185 1718 1401 1797 temperatam,

277 1821 361 1885 sicut
390 1820 433 1886 hi.
465 1822 519 1903 qui
550 1823 664 1904 partim
691 1821 814 1885 erudito
841 1822 905 1885 otio
933 1822 1047 1903 partim
1075 1822 1250 1885 necessario
1273 1822 1401 1904 negotio

277 1924 459 1991 alternantia
486 1928 570 1990 uitae
597 1946 672 1991 suae
699 1933 840 2009 tempora
866 1928 1055 1991 tribuerunt:
1082 1931 1209 2010 propter
1234 1927 1290 1991 has
1314 1926 1401 1990 dille·
1430 1945 1444 1984 e

275 2033 392 2096 tentiae
423 2037 528 2115 potest
557 2033 652 2096 etiam
679 2033 829 2114 triplicari
857 2052 1003 2096 numerus
1031 2034 1091 2097 iste
1118 2036 1273 2096 sectarum
1302 2039 1334 2095 et
1361 2030 1402 2096 ad

277 2138 427 2201 ducentas
450 2140 610 2221 octoginta
632 2143 702 2203 octo
725 2138 863 2219 perduci.

319 2243 404 2307 llaec
431 2240 469 2307 de
498 2243 643 2308 Varronis
671 2244 760 2318 libro,
788 2248 939 2326 quantum
967 2244 1066 2326 potui,
1093 2243 1230 2308 breuiter
1256 2262 1293 2307 ac
1319 2244 1400 2306 dilu-

275 2348 345 2412 cide
370 2350 472 2431 posui,
500 2351 669 2414 sententias
697 2350 765 2413 eius
787 2352 865 2414 meis
892 2352 1048 2433 explicans
1071 2349 1185 2415 uerbis.
1214 2347 1283 2427 Quo
1306 2348 1400 2413 modo

275 2457 379 2518 autern
401 2454 546 2518 refutatis
569 2456 680 2519 ceteris
702 2473 796 2520 uuam
819 2447 925 2536 eligat,
948 2473 1041 2538 quam
1059 2456 1131 2518 uult
1148 2473 1218 2518 esse
1235 2454 1399 2519 Academi·
1420 2476 1445 2514 ιο

274 2577 381 2624 eorum
408 2566 549 2624 ueterum
579 2563 672 2642 (quos
695 2580 713 2625 a
734 2562 863 2625 Platone
886 2561 1048 2625 institutos
1071 2579 1171 2642 usque
1194 2559 1234 2623 ad
1256 2561 1400 2625 Polemo-

274 2683 356 2741 nem,
379 2666 433 2746 qni
456 2666 494 2729 ab
518 2666 573 2729 illo
597 2670 725 2747 quartus
749 2667 817 2730 eius
840 2666 980 2730 scholam
998 2666 1110 2742 tenuit,
1134 2685 1212 2749 quae
1230 2665 1401 2729 Academia

275 2768 358 2834 dicta
380 2774 438 2844 est,
461 2771 610 2835 habuisse
633 2777 717 2835 certa
735 2773 881 2855 dogmata
898 2772 970 2834 nult
987 2772 1085 2835 uideri
1105 2775 1137 2835 et
1153 2771 1193 2836 ob
1211 2771 1271 2835 hoc
1290 2771 1400 2836 distin-

275 2876 345 2960 guit
370 2876 409 2940 ab
435 2875 631 2939 Academicis
658 2876 759 2944 nouis,
787 2876 901 2957 quibus
928 2876 1046 2939 incerta
1072 2879 1147 2940 sunt
1172 2877 1285 2952 omnia,
1314 2875 1399 2955 qnod

273 2979 490 3062 philosophiae
513 2999 611 3063 genus
639 2982 676 3045 ab
699 2982 840 3045 Arcesila
862 2981 966 3063 coepit
988 2999 1171 3045 successore
1192 2980 1398 3064 Polemonis),
1414 3002 1443 3046 as

274 3104 402 3168 eamque
433 3090 561 3164 sectam,
592 3086 624 3150 id
652 3092 699 3151 est
726 3092 867 3150 ueterum
898 3086 1166 3158 Academicorum,
1194 3085 1279 3149 sicut
1308 3084 1398 3149 dnbi-

272 3192 390 3257 tatioue
421 3193 467 3255 ita
498 3193 581 3257 omni
612 3211 712 3258 errore
744 3212 846 3258 carere
882 3194 1058 3269 arbitretur,
1093 3192 1222 3275 longum
1258 3195 1308 3256 est
1342 3211 1399 3273 per

273 3299 376 3362 omnia
403 3296 626 3374 demonstrare;
654 3318 710 3363 nec
738 3303 840 3362 tannen
869 3299 952 3363 omni
980 3318 1015 3361 er
1042 3303 1130 3379 parte
1152 3316 1202 3360 res
1225 3297 1398 3361 omittenda

273 3406 331 3466 est.
354 3403 510 3466 Remouet
534 3422 608 3487 ergo
630 3404 717 3486 prius
740 3404 810 3467 illas
834 3422 940 3467 omnes
964 3402 1163 3477 differentias,
1187 3420 1266 3483 quae
1289 3421 1396 3465 nume-

266 3515 340 3571 ‘rum
371 3508 620 3590 multiplicauere
653 3513 818 3584 sectarum,
850 3528 927 3590 quas
960 3509 1029 3572 ideo
1061 3507 1264 3571 remouendas
1292 3509 1394 3588 putat,
1411 3529 1439 3569 ao

273 3611 431 3694 quianon
458 3613 488 3676 in
517 3613 562 3678 eis
589 3617 640 3678 est
665 3615 734 3678 finis
762 3613 845 3677 boni.
873 3615 983 3695 Neque
1011 3613 1093 3676 enim
1116 3613 1275 3676 existimat
1297 3614 1395 3677 ullam

270 3717 487 3799 philosophiae
501 3722 620 3783 sectam
634 3738 703 3784 esse
717 3719 889 3792 dicendam,
905 3737 983 3801 qnae
999 3738 1058 3783 non
1073 3736 1108 3781 eo
1124 3717 1253 3782 distata
1270 3717 1394 3782 ceteris.

272 3821 355 3904 quod
386 3823 526 3888 diuersos
557 3825 670 3889 habeat
700 3826 775 3889 fines
812 3825 964 3888 bonorum
996 3828 1029 3888 et
1062 3824 1225 3888 malorum.
1263 3821 1394 3901 Quando

272 3928 397 4010 quidem
425 3930 511 3993 nulla
533 3934 583 3994 est
605 3930 723 3994 homini
745 3948 841 3994 causa
866 3929 1116 4012 philosophandi,
1140 3930 1200 3992 nisi
1223 3932 1260 3992 ut
1281 3928 1394 3994 beatus

271 4033 325 4108 sit;
354 4034 436 4115 quod
464 4038 567 4098 autem
595 4035 720 4099 beatum
748 4035 834 4110 facit,
861 4035 929 4117 ipse
953 4040 1002 4104 est
1023 4033 1093 4098 finis
1120 4033 1207 4107 boni;
1235 4036 1320 4098 nulla
1345 4040 1395 4099 est
1413 4055 1439 4096 a

268 4137 369 4222 igitur
389 4157 485 4204 censa
505 4141 756 4222 philosophandi,
779 4141 840 4204 nisi
858 4141 927 4204 linis
946 4141 1033 4204 boni:
1058 4159 1150 4221 quani
1170 4141 1292 4204 obrem
1312 4159 1392 4220 quae

269 4245 390 4307 nullum
417 4244 490 4308 boni
516 4244 607 4309 finem
634 4249 781 4320 sectatur,
805 4247 891 4308 nulla
912 4245 1128 4327 philosophiae
1153 4249 1238 4310 secta
1261 4245 1392 4309 dicenda

270 4352 329 4411 est.
356 4347 435 4412 Cum
467 4367 539 4433 ergo
567 4351 725 4433 quaeritur
751 4350 788 4414 de
816 4351 924 4415 sociali
952 4351 1028 4426 nile,
1060 4355 1166 4414 utrum
1189 4352 1233 4414 sit
1258 4350 1392 4414 tenenda

271 4453 413 4534 sapienti,
439 4457 477 4519 ut
502 4473 659 4520 summum
686 4457 813 4531 bonum,
840 4475 901 4538 quo
929 4455 965 4519 fio
987 4456 1079 4520 homo
1102 4457 1224 4531 beatus,
1246 4455 1291 4520 ita
1314 4457 1394 4520 uelit

272 4561 304 4621 et
330 4564 417 4622 curet
443 4560 535 4623 amici
557 4561 617 4637 sui,
645 4580 735 4643 quem
759 4557 945 4625 admodum
970 4580 1073 4638 suum,
1096 4580 1133 4624 an
1157 4581 1232 4625 suae
1254 4565 1392 4625 tantum·
1410 4582 1438 4624 ao

270 4661 363 4725 modo
395 4662 597 4728 beatitudinis
628 4683 723 4734 causa
750 4665 845 4730 faciat
872 4664 1022 4746 quidquid
1049 4664 1138 4729 facit:
1171 4684 1231 4729 non
1260 4664 1297 4728 de
1321 4665 1390 4746 ipso

305 4882 509 4952 dtriplecarip
562 4886 594 4938 la
612 4887 709 4939 scolam
727 4904 766 4955 cp
795 4964 798 4969 .
827 4887 978 4940 academica
997 4905 1016 4940 c
1069 4891 1101 4943 15
1121 4891 1233 4942 arcesila
1247 4907 1277 4959 g,-
1296 4891 1390 4944 arche·

270 4994 322 5048 sila
338 4996 492 5066 clepon-
510 4997 656 5051 archesilao
670 5015 691 5066 p
757 4967 1005 5071 20¹⁸monendasg
1066 5004 1097 5055 21
1118 5004 1227 5072 illamp
1294 5005 1329 5059 22
1349 5005 1389 5059 di·

270 5081 681 5154 stot9¹5distatobe9²ppu
754 5088 893 5156 23quop
969 5090 1132 5159 29uellitp
1211 5092 1389 5161 300t]ute

270 5169 302 5223 31
321 5168 437 5240 laciotp
506 5170 630 5240 quicquid
649 5173 763 5242 laciatp
835 5175 902 5230 lacit
918 5194 969 5231 om.
985 5177 1024 5245 9¹*
