3217 6325
225 1273 288 1337 586
563 1270 590 1323 8.
618 1268 773 1323 Aurelii
800 1268 1015 1339 Augustini

224 1467 263 1529 et
289 1464 474 1529 laetabor
500 1464 537 1529 iu
566 1462 715 1546 populo
744 1480 837 1542 meo,
860 1465 899 1527 ot
924 1463 1037 1529 ultra
1061 1482 1134 1529 uon
1162 1464 1361 1531 audietur

223 1572 260 1636 io
284 1571 359 1636 illa
381 1590 454 1635 uox
478 1570 621 1645 flatura
645 1574 678 1635 et
699 1589 755 1653 per
777 1569 874 1635 alium
897 1570 1082 1654 prophetam
1100 1571 1184 1655 quod
1202 1591 1359 1655 praenun-

223 1678 319 1742 tianit
345 1677 453 1743 diceus
486 1676 587 1741 eidem
614 1676 801 1760 prophatae:
833 1676 875 1740 Iu
907 1679 1086 1760 tompore
1118 1677 1193 1743 illo
1225 1679 1358 1743 salua·

222 1785 337 1849 bitur
371 1783 547 1866 populna
582 1786 678 1848 tuue
716 1782 844 1847 omnia
885 1782 952 1865 qui
992 1784 1186 1849 iuuentus
1226 1785 1359 1849 fuerit

226 1890 408 1972 seriptua
437 1890 475 1953 iu
502 1889 620 1964 libro,
643 1891 683 1953 et
709 1888 827 1953 multi
851 1889 1137 1955 dormientium
1158 1890 1197 1955 iu
1220 1894 1356 1956 terrae
1388 1915 1402 1957 ι

224 1996 391 2079 puluere
422 1995 516 2081 (uiue,
534 1998 581 2059 ,ut
608 1994 735 2077 quidam
765 1996 962 2079 interpretati
995 1999 1079 2073 aaut,
1107 1995 1267 2082 aggaro)
1299 2016 1356 2062 ex·

220 2104 402 2185 surgent,
422 2100 462 2165 hi
479 2101 518 2165 iu
537 2101 662 2166 uitam
682 2105 884 2166 aeternam
907 2107 946 2166 et
968 2100 1007 2165 hi
1030 2101 1068 2166 in
1092 2102 1355 2186 obprobrium

224 2212 264 2272 et
290 2208 328 2271 in
356 2206 634 2272 confusionem
663 2211 878 2278 aeternam:
912 2206 1027 2271 etalio
1051 2208 1120 2273 loeo
1142 2208 1356 2291 pereundam

225 2312 425 2398 prophetam:
461 2312 677 2396 decipient
712 2331 874 2395 reguum
908 2313 1038 2378 sancti
1071 2313 1280 2379 ditissimi
1316 2319 1357 2379 et

225 2419 469 2486 obtinebunt
495 2418 600 2483 illud
627 2437 754 2501 usque
781 2418 819 2482 in
848 2420 1054 2487 saeculum
1077 2424 1125 2485 et
1155 2439 1283 2503 usque
1314 2421 1354 2485 in
1377 2445 1401 2485 ιο

225 2525 430 2591 saeculum
456 2525 725 2602 saeculorum,
754 2531 786 2588 et
809 2526 1012 2608 paulopost:
1035 2526 1222 2612 Regnum,
1243 2528 1357 2609 iuquit,

223 2633 312 2697 eiua
339 2650 502 2718 regnum
530 2631 834 2713 sempiternum
867 2638 898 2696 et
926 2632 987 2697 alia
1015 2651 1094 2715 quae
1117 2633 1238 2698 adhoc
1260 2635 1357 2716 porti-

220 2738 331 2802 ueutia
351 2738 382 2802 iu
405 2738 484 2802 libro
508 2738 680 2803 uioeuaimo
699 2738 801 2821 posui,
821 2739 889 2803 uiue
910 2757 989 2821 quae
1008 2757 1068 2803 nou
1086 2740 1180 2822 posui
1197 2746 1231 2803 ot
1247 2743 1354 2804 tamen

223 2844 254 2906 in
288 2842 406 2907 eisdem
438 2842 553 2907 littorio
585 2843 703 2925 eeripta
734 2848 819 2921 sunt,
847 2842 974 2907 uenient
1005 2849 1038 2907 ot
1066 2843 1153 2921 haee,
1177 2844 1262 2908 sieut
1292 2845 1357 2909 iata

225 2953 387 3025 uenerunt,
414 2966 494 3030 quae
525 2947 678 3013 inereduli
711 2967 771 3013 nou
802 2950 957 3031 putabant
987 2967 1056 3014 ease
1087 2952 1229 3014 uentura.
1266 2950 1355 3015 Idem
1377 2979 1399 3018 n

220 3054 339 3138 quippe
358 3053 444 3118 Deus
466 3057 599 3134 utraque
622 3053 776 3135 promisit,
795 3057 927 3136 utraque
950 3057 1082 3119 uentura
1103 3073 1173 3120 ease
1191 3056 1355 3139 praedixit,

223 3179 319 3244 *quem
346 3160 586 3244 perhorrescunt
612 3159 738 3224 numina
765 3178 967 3246 paganorum,
990 3160 1085 3226 etiam
1111 3166 1194 3228 teate
1217 3162 1355 3247 Porphy-

227 3269 281 3346 rio,
304 3266 499 3331 nobilissimo
523 3265 712 3350 philosopho
735 3285 936 3350 paganorum,

676 3457 811 3525 CAPUT
834 3460 906 3523 1111.

222 3600 374 3665 Contra
397 3600 606 3682 sapientes
629 3601 772 3680 mundi,
796 3600 864 3682 qui
887 3578 1032 3682 putant
1053 3604 1213 3666 terrena
1235 3602 1396 3674 homi-20

224 3726 313 3771 num
342 3726 511 3791 corpora
537 3705 583 3771 ad
611 3709 789 3772 caeleate
819 3706 1096 3772 habitaculum
1127 3724 1201 3771 non
1233 3727 1353 3791 posse

675 3812 905 3878 transferri.

268 3955 329 4022 Sed
362 3955 513 4020 uidelicet
543 3955 685 4020 homines
719 3954 803 4019 dooti
835 3954 936 4036 adque
967 3953 1124 4036 sapientes
1153 3957 1260 4018 eontra
1288 3958 1353 4018 uim

225 4067 330 4126 tantae
358 4061 565 4140 auctoritatis,
590 4078 669 4144 quae
696 4060 801 4124 omnia
828 4078 941 4144 genera
962 4060 1136 4137 hominum,
1160 4059 1244 4124 sieut
1265 4064 1353 4124 tanto

224 4173 295 4233 ante
327 4166 489 4250 praedixit,
520 4167 552 4231 iu
589 4166 649 4230 hoc
685 4165 873 4230 eredendum
906 4165 1155 4248 sperandumque
1187 4167 1397 4242 conuertitis

221 4277 316 4339 acute
344 4273 403 4338 sibi
432 4272 641 4356 argumentari
664 4271 813 4336 uidentur
835 4271 987 4337 aduersus
1011 4290 1175 4354 corporum
1197 4283 1353 4336 resurree-

225 4381 341 4444 tiouem
369 4390 402 4444 et
429 4379 531 4444 dicere
559 4378 642 4461 quod
665 4379 696 4442 in
720 4377 814 4442 tertio
839 4378 876 4442 do
899 4398 931 4442 re
958 4377 1085 4461 publiea
1112 4376 1192 4443 libro
1220 4398 1239 4441 a
1265 4377 1353 4442 Cieo-

224 4505 298 4552 rone
327 4489 605 4550 commemoratum
634 4487 692 4549 oet.
729 4484 810 4550 Nam
839 4502 910 4549 eum
932 4485 1100 4549 Herculem
1128 4486 1160 4548 et
1180 4482 1352 4548 Romulum

313 4676 570 4744 3Dan.12,leq
607 4675 774 4741 911).7,18
819 4674 953 4728 111b27
993 4675 1194 4743 l3c.2laqq.
1231 4674 1352 4727 27128

263 4783 329 4835 let
352 4790 416 4835 rante
438 4783 561 4837 laetabor
582 4783 667 4839 ond
774 4782 842 4835 21))
866 4780 913 4834 ilia
935 4780 1012 4835 codd.
1031 4780 1193 4849 proeterb3
1214 4781 1242 4833 in
1261 4797 1292 4835 ea
1311 4782 1352 4835 bo

224 4897 377 4963 omultoe
466 4898 528 4952 81))
548 4897 648 4952 contus
668 4914 755 4967 eppp
774 4897 885 4960 Domi),-
903 4898 930 4950 in
950 4914 999 4949 em
1020 4896 1091 4949 aba
1074 4914 1115 4951 uo
1151 4861 1351 4951 ω’.1131111111

228 4986 261 5041 10
278 4986 438 5055 obtenebp
546 4987 577 5040 12
595 4986 770 5056 pertinentia]
797 4987 1002 5055 pertinentiam
1017 5003 1039 5054 p
1146 4986 1180 5039 14
1198 4985 1351 5039 eiusdemi>

227 5074 397 5129 uenientiab
451 5073 521 5127 arcui
539 5080 567 5127 et
585 5091 623 5128 eo
675 5077 739 5140 ista]
759 5074 895 5142 seriptap
938 5075 969 5127 17
988 5078 1058 5128 teate
1077 5075 1190 5127 etiarno
1227 5075 1350 5129 ‘litante
1449 5134 1451 5139 ,

226 5179 309 5217 ome
361 5163 395 5217 28
413 5162 507 5217 hircul.
524 5180 542 5232 p
