3217 6325
277 1326 341 1390 426
622 1321 648 1376 ἃ
676 1322 832 1377 Ᾱπτοῑϋ
858 1322 1072 1392 Augustini

275 1516 392 1582 indicio
420 1516 626 1599 permittatur.
656 1514 747 1581 Sicut
773 1515 924 1580 enimait
950 1515 1124 1599 apostolus,
1151 1534 1224 1581 non
1252 1519 1315 1581 est
1336 1516 1406 1580 ini·

275 1622 410 1706 quitus
438 1626 534 1706 aput
556 1622 693 1697 Deum;
721 1622 818 1687 otiam
841 1622 1016 1706 sicutipse
1039 1622 1114 1687 alibi
1137 1622 1225 1699 dicit,
1254 1622 1406 1687 inscru-

274 1728 425 1793 tabilia
461 1732 554 1794 sunt
587 1727 743 1793 iudicia
772 1730 859 1793 eins
891 1733 929 1794 et
964 1727 1283 1814 inuestigabiles
1314 1730 1405 1793 uiae

274 1835 372 1900 eius.
403 1835 473 1900 Non
504 1836 602 1920 igitur
631 1834 663 1899 in
695 1835 755 1900 boc
782 1835 863 1901 libro
890 1836 928 1900 de
955 1835 1021 1901 illis
1047 1834 1158 1919 primis
1185 1854 1241 1900 nec
1268 1835 1305 1899 de
1331 1835 1404 1899 istis

272 1940 385 2005 modiis
416 1940 475 2005 liei
510 1940 647 2019 iudiciis,
679 1940 735 2006 sed
765 1941 805 2006 de
836 1941 906 2024 ipso
938 1940 1123 2019 nouissimo,
1159 1943 1310 2023 quantum
1342 1940 1404 2023 ipsi
1435 1966 1450 2008 s

271 2046 426 2124 tribuerit,
457 2046 635 2129 disputabo,
668 2047 790 2130 quando
823 2046 969 2112 Christus
996 2047 1035 2111 de
1063 2047 1150 2112 caelo
1179 2050 1331 2110 uenturus
1355 2052 1405 2110 est

271 2153 364 2217 uince
386 2151 582 2217 iudicaturus
606 2157 638 2218 et
659 2157 813 2219 mortuos.
835 2154 900 2218 lste
924 2153 1040 2236 qnippe
1063 2152 1131 2217 dies
1153 2152 1261 2217 iudicii
1279 2151 1402 2235 proprie

271 2259 334 2323 iam
355 2263 497 2335 nocatnr,
521 2279 558 2324 eo
582 2259 665 2343 quod
689 2260 795 2324 nubas
820 2260 863 2324 ibi
882 2260 941 2325 orit
958 2260 1109 2344 inperitae
1127 2258 1283 2342 querellae
1300 2257 1402 2330 locus,

271 2383 352 2447 qunr
374 2365 512 2430 iniustus
534 2364 588 2430 illo
611 2366 655 2431 sit
677 2365 751 2430 felix
773 2370 806 2430 ot
824 2385 905 2449 quur
921 2367 976 2432 ille
992 2365 1098 2431 iustus
1117 2365 1233 2430 inlolir.
1253 2363 1402 2428 Omnium

270 2489 405 2553 namque
440 2474 515 2536 tnnc
550 2472 674 2536 nonnisi
710 2473 862 2537 bonorum
898 2490 973 2537 nera
1008 2476 1041 2537 et
1076 2473 1169 2556 plena
1202 2470 1337 2536 felicitas
1370 2472 1403 2533 et
1422 2498 1449 2538 ro

270 2576 410 2641 omnium
441 2577 565 2642 nonnisi
595 2578 749 2643 malorum
780 2578 876 2663 digna
905 2582 937 2643 et
963 2597 1089 2643 summa
1113 2577 1282 2642 infelicitas
1309 2593 1402 2658 appa·

269 2681 359 2747 nebit.

732 2876 868 2943 CAPUT
891 2877 932 2942 ll.

380 3014 434 3078 De
456 3012 662 3079 uarietate
683 3033 814 3079 rernm
836 3015 1104 3089 humanarum,
1128 3014 1191 3077 cni
1213 3031 1286 3077 non

268 3122 407 3205 potest
429 3118 511 3186 dici
534 3117 675 3187 deesse
698 3119 895 3186 indicium
917 3120 999 3198 Dei,
1023 3120 1208 3204 quamuis
1225 3120 1400 3202 nequeat
1419 3143 1445 3181 ιε

728 3227 940 3313 castigari.

308 3366 401 3436 Nunc
431 3369 537 3432 numm
569 3370 603 3433 et
632 3368 717 3433 mala
746 3388 847 3453 aequo
878 3369 983 3435 animo
1014 3369 1094 3433 ferre
1124 3367 1286 3445 discimus,
1318 3385 1398 3450 quae

265 3473 429 3558 patiuntur
460 3475 493 3538 et
523 3473 607 3551 boni,
639 3478 672 3539 ot
701 3473 783 3540 bona
813 3495 874 3540 non
906 3473 1156 3559 magnipendere,
1188 3492 1268 3558 quae
1299 3473 1398 3556 adipi·

265 3581 397 3651 sountur
428 3581 461 3644 et
481 3578 573 3656 mali3
607 3597 644 3645 ac
674 3599 730 3663 per
756 3579 816 3646 boc
843 3580 938 3646 etium
965 3580 997 3645 in
1021 3580 1070 3645 bis
1091 3581 1197 3656 rebus,
1224 3577 1396 3662 inquibus

263 3701 324 3748 non
360 3688 489 3768 apparet
523 3682 630 3748 diuina
664 3684 799 3763 institia,
835 3686 983 3751 salutaris
1019 3689 1069 3751 est
1103 3685 1211 3750 diuina
1246 3684 1397 3750 doctrina.
1414 3701 1442 3742 so

263 3787 432 3854 Nescimus
459 3790 541 3854 enim
564 3808 626 3874 qno
649 3790 765 3856 iudicio
788 3791 847 3856 Dei
870 3792 971 3857 bonus
994 3791 1049 3857 ille
1072 3791 1115 3857 sit
1136 3809 1264 3877 pauper,
1293 3791 1396 3855 malus

262 3893 316 3959 ille
344 3894 388 3959 sit
414 3893 518 3971 diues;
547 3895 608 3961 iste
635 3896 780 3981 gaudeat,
809 3917 902 3981 quom
925 3917 981 3982 pro
1005 3897 1072 3963 suis
1099 3897 1232 3983 perditis
1254 3897 1396 3962 moribus

262 3999 394 4066 cruciari
413 3999 560 4067 debuisse
578 4002 771 4068 maeroribus
790 4003 986 4082 arbitramur,
1005 4003 1209 4070 contristetur
1221 4004 1284 4080 ille,
1303 4023 1395 4087 quom

262 4106 331 4172 nita
355 4106 524 4173 laudabilis
551 4106 686 4192 gaudem
714 4108 861 4174 debuisse
888 4109 1072 4191 persuadet3
1101 4114 1189 4174 exeat
1215 4106 1254 4173 de
1277 4109 1395 4173 iudicio

262 4231 323 4276 non
359 4212 463 4277 solnm
500 4213 631 4294 inultus,
664 4233 773 4278 uerum
812 4215 908 4279 otiam
940 4213 1106 4280 damnatus
1142 4214 1303 4291 innocens,
1339 4218 1396 4278 ant
1412 4232 1440 4272 rs

260 4316 426 4400 iniquitate
460 4317 574 4384 indicis
605 4338 735 4401 pressus
771 4324 827 4385 ant
856 4320 947 4386 falsis
983 4321 1113 4386 obrutus
1144 4320 1344 4397 testimoniis,
1377 4339 1394 4385 e

262 4423 415 4488 contrario
452 4423 606 4489 scelestus
642 4423 840 4491 aduersarius
880 4427 948 4492 eins
983 4445 1043 4491 non
1080 4427 1183 4492 solum
1218 4426 1392 4510 inpunitus,

260 4546 370 4592 nerum
398 4527 492 4593 ctiam
520 4528 698 4595 uindicatus
726 4531 872 4607 insultet;
901 4532 1005 4616 inpius
1033 4533 1150 4617 optime
1176 4533 1291 4609 adeat,
1319 4533 1392 4615 pius

260 4633 410 4717 languore
433 4635 588 4709 tabescnt3
612 4635 837 4705 latrocinentur
858 4639 1017 4704 sanissimi
1035 4639 1175 4717 iuuenes,
1203 4639 1310 4722 etqui
1333 4657 1391 4703 nec

349 4892 838 4962 mmdulfflmstffi

295 5016 1388 5094 mmmfflmommwmmmmfflmbmmm

259 5105 1389 5184 ewmmfflmmffiwmdmmfflvumw2W·

260 5191 575 5265 bwmmmw
