<?xml version="1.0" encoding="UTF-8"?>
<!DOCTYPE html PUBLIC "-//W3C//DTD XHTML 1.0 Transitional//EN"
    "http://www.w3.org/TR/xhtml1/DTD/xhtml1-transitional.dtd">
<html xmlns="http://www.w3.org/1999/xhtml" xml:lang="en" lang="en">
 <head>
  <title>
</title>
<meta http-equiv="Content-Type" content="text/html;charset=utf-8" />
  <meta name='ocr-system' content='tesseract 3.04.00' />
  <meta name='ocr-capabilities' content='ocr_page ocr_carea ocr_par ocr_line ocrx_word'/>
</head>
<body>
  <div class='ocr_page' id='page_1' title='image "./sanctiavreliiav00hoffgoog_0604.png"; bbox 0 0 3217 6325; ppageno 0'>
   <div class='ocr_carea' id='block_1_1' title="bbox 224 1251 1013 1320">
    <p class='ocr_par' dir='ltr' id='par_1_1' title="bbox 224 1251 1013 1320">
     <span class='ocr_line' id='line_1_1' title="bbox 224 1251 1013 1320; baseline -0.008 -9"><span class='ocrx_word' id='word_1_1' title='bbox 224 1256 289 1320; x_wconf 82' lang='grc'>590</span> <span class='ocrx_word' id='word_1_2' title='bbox 570 1251 594 1304; x_wconf 80' lang='lat' dir='ltr'>S.</span> <span class='ocrx_word' id='word_1_3' title='bbox 624 1251 774 1304; x_wconf 73' lang='lat' dir='ltr'>Aurelii</span> <span class='ocrx_word' id='word_1_4' title='bbox 802 1252 1013 1320; x_wconf 76' lang='lat' dir='ltr'>Augustini</span> 
     </span>
    </p>
   </div>
   <div class='ocr_carea' id='block_1_2' title="bbox 169 1445 1395 3310">
    <p class='ocr_par' dir='ltr' id='par_1_2' title="bbox 225 1445 1384 1637">
     <span class='ocr_line' id='line_1_2' title="bbox 225 1445 1352 1530; baseline 0.001 -17"><span class='ocrx_word' id='word_1_5' title='bbox 225 1448 386 1530; x_wconf 83' lang='lat' dir='ltr'>loquentes</span> <span class='ocrx_word' id='word_1_6' title='bbox 414 1446 595 1512; x_wconf 90' lang='lat' dir='ltr'>mirabiliter</span> <span class='ocrx_word' id='word_1_7' title='bbox 621 1446 800 1522; x_wconf 79' lang='lat' dir='ltr'>audiebant3</span> <span class='ocrx_word' id='word_1_8' title='bbox 832 1445 977 1511; x_wconf 89' lang='lat' dir='ltr'>claudum</span> <span class='ocrx_word' id='word_1_9' title='bbox 1000 1447 1039 1511; x_wconf 91' lang='lat' dir='ltr'>ab</span> <span class='ocrx_word' id='word_1_10' title='bbox 1062 1447 1214 1514; x_wconf 73' lang='lat' dir='ltr'>uberibus</span> <span class='ocrx_word' id='word_1_11' title='bbox 1237 1452 1352 1515; x_wconf 81' lang='lat' dir='ltr'>matris</span> 
     </span>
     <span class='ocr_line' id='line_1_3' title="bbox 225 1550 1384 1637; baseline 0.002 -20"><span class='ocrx_word' id='word_1_12' title='bbox 225 1552 263 1617; x_wconf 91' lang='lat' dir='ltr'>ad</span> <span class='ocrx_word' id='word_1_13' title='bbox 291 1572 397 1618; x_wconf 91' lang='lat' dir='ltr'>eorum</span> <span class='ocrx_word' id='word_1_14' title='bbox 424 1552 555 1617; x_wconf 88' lang='lat' dir='ltr'>uerbum</span> <span class='ocrx_word' id='word_1_15' title='bbox 581 1553 612 1616; x_wconf 93' lang='lat' dir='ltr'>in</span> <span class='ocrx_word' id='word_1_16' title='bbox 637 1550 752 1616; x_wconf 83' lang='lat' dir='ltr'>Christi</span> <span class='ocrx_word' id='word_1_17' title='bbox 779 1551 901 1615; x_wconf 87' lang='lat' dir='ltr'>nomine</span> <span class='ocrx_word' id='word_1_18' title='bbox 924 1558 996 1634; x_wconf 86' lang='lat' dir='ltr'>post</span> <span class='ocrx_word' id='word_1_19' title='bbox 1018 1553 1228 1637; x_wconf 81' lang='lat' dir='ltr'>quadraginta</span> <span class='ocrx_word' id='word_1_20' title='bbox 1251 1574 1351 1621; x_wconf 88' lang='lat' dir='ltr'>annos</span> <span class='ocrx_word' id='word_1_21' title='bbox 1378 1574 1384 1586; x_wconf 92' lang='lat'><strong>·</strong></span> 
     </span>
    </p>

    <p class='ocr_par' dir='ltr' id='par_1_3' title="bbox 169 1657 1395 3310">
     <span class='ocr_line' id='line_1_4' title="bbox 169 1657 1353 1739; baseline -0.001 -15"><span class='ocrx_word' id='word_1_22' title='bbox 169 1684 172 1688; x_wconf 94' lang='lat'>·</span> <span class='ocrx_word' id='word_1_23' title='bbox 224 1658 411 1724; x_wconf 90' lang='lat' dir='ltr'>incolumem</span> <span class='ocrx_word' id='word_1_24' title='bbox 444 1658 631 1735; x_wconf 72' lang='lat' dir='ltr'>constitisse,</span> <span class='ocrx_word' id='word_1_25' title='bbox 663 1657 788 1722; x_wconf 87' lang='lat' dir='ltr'>sudaria</span> <span class='ocrx_word' id='word_1_26' title='bbox 818 1657 854 1721; x_wconf 84' lang='lat' dir='ltr'>de</span> <span class='ocrx_word' id='word_1_27' title='bbox 887 1657 1067 1739; x_wconf 86' lang='lat' dir='ltr'>corporibus</span> <span class='ocrx_word' id='word_1_28' title='bbox 1098 1677 1207 1723; x_wconf 91' lang='lat' dir='ltr'>eorum</span> <span class='ocrx_word' id='word_1_29' title='bbox 1245 1659 1353 1724; x_wconf 89' lang='lat' dir='ltr'>ablata</span> 
     </span>
     <span class='ocr_line' id='line_1_5' title="bbox 225 1763 1351 1847; baseline -0.001 -17"><span class='ocrx_word' id='word_1_30' title='bbox 225 1764 368 1830; x_wconf 79' lang='lat' dir='ltr'>sanandis</span> <span class='ocrx_word' id='word_1_31' title='bbox 396 1764 549 1847; x_wconf 77' lang='lat' dir='ltr'>profuisse</span> <span class='ocrx_word' id='word_1_32' title='bbox 571 1763 802 1847; x_wconf 77' lang='lat' dir='ltr'>languentibus,</span> <span class='ocrx_word' id='word_1_33' title='bbox 825 1763 855 1827; x_wconf 91' lang='lat' dir='ltr'>in</span> <span class='ocrx_word' id='word_1_34' title='bbox 878 1763 931 1827; x_wconf 89' lang='lat' dir='ltr'>uia</span> <span class='ocrx_word' id='word_1_35' title='bbox 954 1781 1015 1845; x_wconf 87' lang='lat' dir='ltr'>qua</span> <span class='ocrx_word' id='word_1_36' title='bbox 1036 1765 1160 1829; x_wconf 81' lang='lat' dir='ltr'>fuerant</span> <span class='ocrx_word' id='word_1_37' title='bbox 1183 1765 1351 1829; x_wconf 86' lang='lat' dir='ltr'>transituri</span> 
     </span>
     <span class='ocr_line' id='line_1_6' title="bbox 223 1868 1395 1954; baseline -0.001 -18"><span class='ocrx_word' id='word_1_38' title='bbox 223 1873 344 1954; x_wconf 79' lang='lat' dir='ltr'>pesitus</span> <span class='ocrx_word' id='word_1_39' title='bbox 370 1871 401 1935; x_wconf 89' lang='lat' dir='ltr'>iu</span> <span class='ocrx_word' id='word_1_40' title='bbox 429 1869 535 1935; x_wconf 91' lang='lat' dir='ltr'>ordine</span> <span class='ocrx_word' id='word_1_41' title='bbox 561 1869 800 1934; x_wconf 87' lang='lat' dir='ltr'>innumerabiles</span> <span class='ocrx_word' id='word_1_42' title='bbox 828 1869 944 1934; x_wconf 84' lang='lat' dir='ltr'>morbis</span> <span class='ocrx_word' id='word_1_43' title='bbox 971 1868 1067 1934; x_wconf 92' lang='lat' dir='ltr'>uariis</span> <span class='ocrx_word' id='word_1_44' title='bbox 1092 1868 1288 1946; x_wconf 74' lang='lat' dir='ltr'>laborantes,</span> <span class='ocrx_word' id='word_1_45' title='bbox 1314 1876 1353 1935; x_wconf 89' lang='lat' dir='ltr'>ut</span> <span class='ocrx_word' id='word_1_46' title='bbox 1381 1886 1395 1925; x_wconf 55' lang='grc' dir='ltr'><strong>ὁ</strong></span> 
     </span>
     <span class='ocr_line' id='line_1_7' title="bbox 226 1975 1352 2058; baseline -0.001 -15"><span class='ocrx_word' id='word_1_47' title='bbox 226 1976 448 2043; x_wconf 85' lang='lat' dir='ltr'>ambulantium</span> <span class='ocrx_word' id='word_1_48' title='bbox 486 1994 578 2058; x_wconf 89' lang='lat' dir='ltr'>super</span> <span class='ocrx_word' id='word_1_49' title='bbox 613 1994 666 2041; x_wconf 83' lang='lat' dir='ltr'>eos</span> <span class='ocrx_word' id='word_1_50' title='bbox 702 1975 812 2039; x_wconf 89' lang='lat' dir='ltr'>umbra</span> <span class='ocrx_word' id='word_1_51' title='bbox 846 1975 1001 2053; x_wconf 85' lang='lat' dir='ltr'>transiret,</span> <span class='ocrx_word' id='word_1_52' title='bbox 1032 1976 1180 2041; x_wconf 88' lang='lat' dir='ltr'>continuo</span> <span class='ocrx_word' id='word_1_53' title='bbox 1212 1978 1352 2042; x_wconf 77' lang='lat' dir='ltr'>salutem</span> 
     </span>
     <span class='ocr_line' id='line_1_8' title="bbox 225 2080 1353 2165; baseline 0 -18"><span class='ocrx_word' id='word_1_54' title='bbox 225 2083 324 2147; x_wconf 88' lang='lat' dir='ltr'>solere</span> <span class='ocrx_word' id='word_1_55' title='bbox 351 2082 486 2165; x_wconf 89' lang='lat' dir='ltr'>recipere</span> <span class='ocrx_word' id='word_1_56' title='bbox 513 2085 545 2145; x_wconf 87' lang='lat' dir='ltr'>et</span> <span class='ocrx_word' id='word_1_57' title='bbox 571 2082 632 2145; x_wconf 88' lang='lat' dir='ltr'>aliu</span> <span class='ocrx_word' id='word_1_58' title='bbox 654 2081 755 2145; x_wconf 87' lang='lat' dir='ltr'>multa</span> <span class='ocrx_word' id='word_1_59' title='bbox 776 2080 930 2163; x_wconf 90' lang='lat' dir='ltr'>stupenda</span> <span class='ocrx_word' id='word_1_60' title='bbox 950 2081 982 2144; x_wconf 90' lang='lat' dir='ltr'>in</span> <span class='ocrx_word' id='word_1_61' title='bbox 1006 2080 1124 2147; x_wconf 80' lang='lat' dir='ltr'>Christi</span> <span class='ocrx_word' id='word_1_62' title='bbox 1145 2082 1274 2146; x_wconf 90' lang='lat' dir='ltr'>nomine</span> <span class='ocrx_word' id='word_1_63' title='bbox 1296 2102 1353 2165; x_wconf 84' lang='lat' dir='ltr'>pur</span> 
     </span>
     <span class='ocr_line' id='line_1_9' title="bbox 226 2187 1351 2270; baseline -0.001 -17"><span class='ocrx_word' id='word_1_64' title='bbox 226 2207 278 2253; x_wconf 88' lang='lat' dir='ltr'>cos</span> <span class='ocrx_word' id='word_1_65' title='bbox 313 2189 406 2264; x_wconf 82' lang='lat' dir='ltr'>iacta,</span> <span class='ocrx_word' id='word_1_66' title='bbox 436 2191 593 2270; x_wconf 85' lang='lat' dir='ltr'>postremo</span> <span class='ocrx_word' id='word_1_67' title='bbox 629 2187 723 2252; x_wconf 90' lang='lat' dir='ltr'>etiam</span> <span class='ocrx_word' id='word_1_68' title='bbox 759 2193 901 2252; x_wconf 91' lang='lat' dir='ltr'>mortuos</span> <span class='ocrx_word' id='word_1_69' title='bbox 931 2188 1135 2253; x_wconf 81' lang='lat' dir='ltr'>resurrexisse</span> <span class='ocrx_word' id='word_1_70' title='bbox 1171 2189 1351 2253; x_wconf 84' lang='lat' dir='ltr'>cernebant.</span> 
     </span>
     <span class='ocr_line' id='line_1_10' title="bbox 226 2292 1352 2377; baseline -0.003 -17"><span class='ocrx_word' id='word_1_71' title='bbox 226 2292 312 2372; x_wconf 84' lang='lat' dir='ltr'>Quae</span> <span class='ocrx_word' id='word_1_72' title='bbox 335 2296 373 2370; x_wconf 90' lang='lat' dir='ltr'>si,</span> <span class='ocrx_word' id='word_1_73' title='bbox 397 2298 433 2359; x_wconf 87' lang='lat' dir='ltr'>ut</span> <span class='ocrx_word' id='word_1_74' title='bbox 454 2294 612 2377; x_wconf 81' lang='lat' dir='ltr'>leguntur,</span> <span class='ocrx_word' id='word_1_75' title='bbox 636 2296 727 2375; x_wconf 86' lang='lat' dir='ltr'>gesta</span> <span class='ocrx_word' id='word_1_76' title='bbox 748 2311 818 2357; x_wconf 86' lang='lat' dir='ltr'>esse</span> <span class='ocrx_word' id='word_1_77' title='bbox 841 2292 1025 2371; x_wconf 76' lang='lat' dir='ltr'>concedunt,</span> <span class='ocrx_word' id='word_1_78' title='bbox 1047 2311 1120 2359; x_wconf 90' lang='lat' dir='ltr'>ecce</span> <span class='ocrx_word' id='word_1_79' title='bbox 1141 2298 1192 2359; x_wconf 84' lang='lat' dir='ltr'>tot</span> <span class='ocrx_word' id='word_1_80' title='bbox 1218 2294 1352 2359; x_wconf 89' lang='lat' dir='ltr'>incredi-</span> 
     </span>
     <span class='ocr_line' id='line_1_11' title="bbox 225 2398 1395 2474; baseline 0.001 -11"><span class='ocrx_word' id='word_1_81' title='bbox 225 2400 302 2464; x_wconf 91' lang='lat' dir='ltr'>bilia</span> <span class='ocrx_word' id='word_1_82' title='bbox 322 2401 424 2465; x_wconf 88' lang='lat' dir='ltr'>tribus</span> <span class='ocrx_word' id='word_1_83' title='bbox 445 2400 510 2464; x_wconf 84' lang='lat' dir='ltr'>illis</span> <span class='ocrx_word' id='word_1_84' title='bbox 531 2398 766 2464; x_wconf 81' lang='lat' dir='ltr'>incredibilibus</span> <span class='ocrx_word' id='word_1_85' title='bbox 788 2398 944 2474; x_wconf 88' lang='lat' dir='ltr'>addimus,</span> <span class='ocrx_word' id='word_1_86' title='bbox 968 2404 1000 2463; x_wconf 87' lang='lat' dir='ltr'>at</span> <span class='ocrx_word' id='word_1_87' title='bbox 1022 2410 1058 2463; x_wconf 83' lang='lat' dir='ltr'>ut</span> <span class='ocrx_word' id='word_1_88' title='bbox 1079 2400 1226 2464; x_wconf 90' lang='lat' dir='ltr'>credatur</span> <span class='ocrx_word' id='word_1_89' title='bbox 1252 2421 1351 2466; x_wconf 89' lang='lat' dir='ltr'>unum</span> <span class='ocrx_word' id='word_1_90' title='bbox 1371 2416 1395 2457; x_wconf 74' lang='grc' dir='ltr'>ιι</span> 
     </span>
     <span class='ocr_line' id='line_1_12' title="bbox 225 2504 1349 2588; baseline 0.001 -20"><span class='ocrx_word' id='word_1_91' title='bbox 225 2504 415 2579; x_wconf 84' lang='lat' dir='ltr'>incredibile,</span> <span class='ocrx_word' id='word_1_92' title='bbox 446 2504 529 2588; x_wconf 83' lang='lat' dir='ltr'>quod</span> <span class='ocrx_word' id='word_1_93' title='bbox 561 2504 599 2568; x_wconf 91' lang='lat' dir='ltr'>de</span> <span class='ocrx_word' id='word_1_94' title='bbox 631 2504 732 2569; x_wconf 88' lang='lat' dir='ltr'>carnis</span> <span class='ocrx_word' id='word_1_95' title='bbox 763 2504 989 2569; x_wconf 82' lang='lat' dir='ltr'>resurrectione</span> <span class='ocrx_word' id='word_1_96' title='bbox 1021 2505 1122 2587; x_wconf 88' lang='lat' dir='ltr'>adque</span> <span class='ocrx_word' id='word_1_97' title='bbox 1156 2506 1189 2570; x_wconf 92' lang='lat' dir='ltr'>in</span> <span class='ocrx_word' id='word_1_98' title='bbox 1226 2508 1349 2571; x_wconf 90' lang='lat' dir='ltr'>caelum</span> 
     </span>
     <span class='ocr_line' id='line_1_13' title="bbox 226 2610 1354 2686; baseline 0.002 -11"><span class='ocrx_word' id='word_1_99' title='bbox 226 2610 425 2675; x_wconf 75' lang='lat' dir='ltr'>succensione</span> <span class='ocrx_word' id='word_1_100' title='bbox 457 2610 581 2686; x_wconf 81' lang='lat' dir='ltr'>dicitur,</span> <span class='ocrx_word' id='word_1_101' title='bbox 608 2610 777 2675; x_wconf 88' lang='lat' dir='ltr'>multorum</span> <span class='ocrx_word' id='word_1_102' title='bbox 806 2611 1034 2675; x_wconf 88' lang='lat' dir='ltr'>incredibilium</span> <span class='ocrx_word' id='word_1_103' title='bbox 1057 2612 1241 2678; x_wconf 85' lang='lat' dir='ltr'>testimonia</span> <span class='ocrx_word' id='word_1_104' title='bbox 1263 2616 1354 2677; x_wconf 89' lang='lat' dir='ltr'>tanta</span> 
     </span>
     <span class='ocr_line' id='line_1_14' title="bbox 227 2714 1351 2798; baseline 0.002 -19"><span class='ocrx_word' id='word_1_105' title='bbox 227 2716 422 2798; x_wconf 82' lang='lat' dir='ltr'>congerimus</span> <span class='ocrx_word' id='word_1_106' title='bbox 450 2719 482 2781; x_wconf 90' lang='lat' dir='ltr'>et</span> <span class='ocrx_word' id='word_1_107' title='bbox 506 2715 644 2780; x_wconf 90' lang='lat' dir='ltr'>nondum</span> <span class='ocrx_word' id='word_1_108' title='bbox 666 2715 705 2780; x_wconf 92' lang='lat' dir='ltr'>ad</span> <span class='ocrx_word' id='word_1_109' title='bbox 727 2714 914 2781; x_wconf 87' lang='lat' dir='ltr'>credendum</span> <span class='ocrx_word' id='word_1_110' title='bbox 936 2714 1089 2781; x_wconf 82' lang='lat' dir='ltr'>humanda</span> <span class='ocrx_word' id='word_1_111' title='bbox 1110 2716 1228 2781; x_wconf 89' lang='lat' dir='ltr'>duritia</span> <span class='ocrx_word' id='word_1_112' title='bbox 1250 2717 1351 2783; x_wconf 85' lang='lat' dir='ltr'>incre·</span> 
     </span>
     <span class='ocr_line' id='line_1_15' title="bbox 227 2820 1351 2904; baseline 0 -17"><span class='ocrx_word' id='word_1_113' title='bbox 227 2822 318 2887; x_wconf 93' lang='lat' dir='ltr'>dulos</span> <span class='ocrx_word' id='word_1_114' title='bbox 344 2821 509 2887; x_wconf 83' lang='lat' dir='ltr'>deotimus.</span> <span class='ocrx_word' id='word_1_115' title='bbox 544 2821 578 2887; x_wconf 86' lang='lat' dir='ltr'>Si</span> <span class='ocrx_word' id='word_1_116' title='bbox 605 2840 678 2886; x_wconf 85' lang='lat' dir='ltr'>uero</span> <span class='ocrx_word' id='word_1_117' title='bbox 705 2840 761 2903; x_wconf 90' lang='lat' dir='ltr'>per</span> <span class='ocrx_word' id='word_1_118' title='bbox 782 2823 942 2904; x_wconf 86' lang='lat' dir='ltr'>apostolos</span> <span class='ocrx_word' id='word_1_119' title='bbox 965 2820 1094 2898; x_wconf 82' lang='lat' dir='ltr'>Christi,</span> <span class='ocrx_word' id='word_1_120' title='bbox 1117 2827 1155 2887; x_wconf 88' lang='lat' dir='ltr'>ut</span> <span class='ocrx_word' id='word_1_121' title='bbox 1176 2823 1223 2887; x_wconf 94' lang='lat' dir='ltr'>eis</span> <span class='ocrx_word' id='word_1_122' title='bbox 1247 2822 1351 2887; x_wconf 87' lang='lat' dir='ltr'>erede·</span> 
     </span>
     <span class='ocr_line' id='line_1_16' title="bbox 227 2926 1393 3010; baseline 0.001 -19"><span class='ocrx_word' id='word_1_123' title='bbox 227 2931 311 2992; x_wconf 90' lang='lat' dir='ltr'>retur</span> <span class='ocrx_word' id='word_1_124' title='bbox 324 2928 577 2993; x_wconf 85' lang='lat' dir='ltr'>resurrectionem</span> <span class='ocrx_word' id='word_1_125' title='bbox 592 2927 692 3010; x_wconf 88' lang='lat' dir='ltr'>adque</span> <span class='ocrx_word' id='word_1_126' title='bbox 706 2926 940 2992; x_wconf 88' lang='lat' dir='ltr'>adscensionem</span> <span class='ocrx_word' id='word_1_127' title='bbox 954 2927 1206 3009; x_wconf 87' lang='lat' dir='ltr'>praedicantibus</span> <span class='ocrx_word' id='word_1_128' title='bbox 1221 2926 1350 2998; x_wconf 79' lang='lat' dir='ltr'>Christi.</span> <span class='ocrx_word' id='word_1_129' title='bbox 1368 2942 1393 2982; x_wconf 76' lang='lat'>1⁵</span> 
     </span>
     <span class='ocr_line' id='line_1_17' title="bbox 228 3032 1349 3108; baseline 0 -11"><span class='ocrx_word' id='word_1_130' title='bbox 228 3033 321 3098; x_wconf 87' lang='lat' dir='ltr'>etiam</span> <span class='ocrx_word' id='word_1_131' title='bbox 348 3033 409 3099; x_wconf 87' lang='lat' dir='ltr'>ista</span> <span class='ocrx_word' id='word_1_132' title='bbox 435 3032 584 3097; x_wconf 91' lang='lat' dir='ltr'>miracula</span> <span class='ocrx_word' id='word_1_133' title='bbox 610 3033 695 3098; x_wconf 84' lang='lat' dir='ltr'>facta</span> <span class='ocrx_word' id='word_1_134' title='bbox 716 3050 785 3098; x_wconf 88' lang='lat' dir='ltr'>esse</span> <span class='ocrx_word' id='word_1_135' title='bbox 808 3050 868 3097; x_wconf 89' lang='lat' dir='ltr'>non</span> <span class='ocrx_word' id='word_1_136' title='bbox 891 3032 1031 3108; x_wconf 86' lang='lat' dir='ltr'>credunt,</span> <span class='ocrx_word' id='word_1_137' title='bbox 1054 3032 1114 3098; x_wconf 89' lang='lat' dir='ltr'>boc</span> <span class='ocrx_word' id='word_1_138' title='bbox 1135 3033 1228 3097; x_wconf 87' lang='lat' dir='ltr'>nobis</span> <span class='ocrx_word' id='word_1_139' title='bbox 1253 3052 1349 3097; x_wconf 88' lang='lat' dir='ltr'>unum</span> 
     </span>
     <span class='ocr_line' id='line_1_18' title="bbox 227 3136 1350 3222; baseline -0.002 -19"><span class='ocrx_word' id='word_1_140' title='bbox 227 3137 340 3222; x_wconf 78' lang='lat' dir='ltr'>grande</span> <span class='ocrx_word' id='word_1_141' title='bbox 362 3137 546 3204; x_wconf 89' lang='lat' dir='ltr'>miraculum</span> <span class='ocrx_word' id='word_1_142' title='bbox 570 3137 696 3210; x_wconf 82' lang='lat' dir='ltr'>sufficit,</span> <span class='ocrx_word' id='word_1_143' title='bbox 715 3136 798 3220; x_wconf 90' lang='lat' dir='ltr'>quod</span> <span class='ocrx_word' id='word_1_144' title='bbox 821 3156 889 3202; x_wconf 85' lang='lat' dir='ltr'>eum</span> <span class='ocrx_word' id='word_1_145' title='bbox 912 3141 1062 3203; x_wconf 88' lang='lat' dir='ltr'>terrarum</span> <span class='ocrx_word' id='word_1_146' title='bbox 1085 3138 1170 3203; x_wconf 90' lang='lat' dir='ltr'>orbis</span> <span class='ocrx_word' id='word_1_147' title='bbox 1188 3139 1257 3204; x_wconf 85' lang='lat' dir='ltr'>sinc</span> <span class='ocrx_word' id='word_1_148' title='bbox 1276 3139 1350 3204; x_wconf 89' lang='lat' dir='ltr'>ullis</span> 
     </span>
     <span class='ocr_line' id='line_1_19' title="bbox 227 3243 546 3310; baseline 0 -2"><span class='ocrx_word' id='word_1_149' title='bbox 227 3245 386 3310; x_wconf 88' lang='lat' dir='ltr'>miraculis</span> <span class='ocrx_word' id='word_1_150' title='bbox 408 3243 546 3310; x_wconf 84' lang='lat' dir='ltr'>credidit</span> 
     </span>
    </p>
   </div>
   <div class='ocr_carea' id='block_1_3' title="bbox 679 3383 889 3450">
    <p class='ocr_par' dir='ltr' id='par_1_4' title="bbox 679 3383 889 3450">
     <span class='ocr_line' id='line_1_20' title="bbox 679 3383 889 3450; baseline 0 -1"><span class='ocrx_word' id='word_1_151' title='bbox 679 3384 813 3450; x_wconf 76' lang='lat' dir='ltr'><strong>CAPUT</strong></span> <span class='ocrx_word' id='word_1_152' title='bbox 834 3383 889 3449; x_wconf 89' lang='lat' dir='ltr'>VI.</span> 
     </span>
    </p>
   </div>
   <div class='ocr_carea' id='block_1_4' title="bbox 229 3524 1390 3803">
    <p class='ocr_par' dir='ltr' id='par_1_5' title="bbox 229 3524 1390 3803">
     <span class='ocr_line' id='line_1_21' title="bbox 229 3524 1390 3609; baseline -0.001 -18"><span class='ocrx_word' id='word_1_153' title='bbox 229 3526 339 3607; x_wconf 77' lang='lat' dir='ltr'>Quod</span> <span class='ocrx_word' id='word_1_154' title='bbox 361 3527 480 3592; x_wconf 88' lang='lat' dir='ltr'>Romu</span> <span class='ocrx_word' id='word_1_155' title='bbox 502 3526 748 3591; x_wconf 88' lang='lat' dir='ltr'>conditorem</span> <span class='ocrx_word' id='word_1_156' title='bbox 771 3546 884 3592; x_wconf 91' lang='lat' dir='ltr'>sunm</span> <span class='ocrx_word' id='word_1_157' title='bbox 906 3525 1115 3591; x_wconf 88' lang='lat' dir='ltr'>Romulum</span> <span class='ocrx_word' id='word_1_158' title='bbox 1138 3524 1348 3609; x_wconf 82' lang='lat' dir='ltr'>diligendo</span> <span class='ocrx_word' id='word_1_159' title='bbox 1366 3542 1390 3581; x_wconf 78' lang='lat'>2⁰</span> 
     </span>
     <span class='ocr_line' id='line_1_22' title="bbox 269 3629 1309 3709; baseline -0.004 -12"><span class='ocrx_word' id='word_1_160' title='bbox 269 3632 380 3698; x_wconf 88' lang='lat' dir='ltr'>deum</span> <span class='ocrx_word' id='word_1_161' title='bbox 408 3632 563 3709; x_wconf 86' lang='lat' dir='ltr'>fecerit,</span> <span class='ocrx_word' id='word_1_162' title='bbox 592 3632 771 3698; x_wconf 89' lang='lat' dir='ltr'>ecclesia</span> <span class='ocrx_word' id='word_1_163' title='bbox 797 3637 927 3697; x_wconf 85' lang='lat' dir='ltr'>autem</span> <span class='ocrx_word' id='word_1_164' title='bbox 954 3630 1158 3696; x_wconf 83' lang='lat' dir='ltr'>Christum</span> <span class='ocrx_word' id='word_1_165' title='bbox 1186 3629 1309 3694; x_wconf 87' lang='lat' dir='ltr'>Deum</span> 
     </span>
     <span class='ocr_line' id='line_1_23' title="bbox 576 3737 1000 3803; baseline 0.002 -2"><span class='ocrx_word' id='word_1_166' title='bbox 576 3737 772 3802; x_wconf 89' lang='lat' dir='ltr'>credendo</span> <span class='ocrx_word' id='word_1_167' title='bbox 799 3737 1000 3803; x_wconf 81' lang='lat' dir='ltr'>dilexerit</span> 
     </span>
    </p>
   </div>
   <div class='ocr_carea' id='block_1_5' title="bbox 227 3877 1393 4492">
    <p class='ocr_par' dir='ltr' id='par_1_6' title="bbox 227 3877 1393 4492">
     <span class='ocr_line' id='line_1_24' title="bbox 274 3877 1348 3961; baseline -0.004 -17"><span class='ocrx_word' id='word_1_168' title='bbox 274 3879 460 3944; x_wconf 86' lang='lat' dir='ltr'>Recolamus</span> <span class='ocrx_word' id='word_1_169' title='bbox 487 3879 580 3944; x_wconf 90' lang='lat' dir='ltr'>etiam</span> <span class='ocrx_word' id='word_1_170' title='bbox 605 3878 664 3943; x_wconf 89' lang='lat' dir='ltr'>boc</span> <span class='ocrx_word' id='word_1_171' title='bbox 691 3879 759 3944; x_wconf 89' lang='lat' dir='ltr'>loco</span> <span class='ocrx_word' id='word_1_172' title='bbox 786 3878 876 3957; x_wconf 93' lang='lat' dir='ltr'>illud,</span> <span class='ocrx_word' id='word_1_173' title='bbox 904 3878 987 3961; x_wconf 88' lang='lat' dir='ltr'>quod</span> <span class='ocrx_word' id='word_1_174' title='bbox 1014 3877 1053 3941; x_wconf 93' lang='lat' dir='ltr'>de</span> <span class='ocrx_word' id='word_1_175' title='bbox 1076 3877 1205 3943; x_wconf 88' lang='lat' dir='ltr'>Romuli</span> <span class='ocrx_word' id='word_1_176' title='bbox 1232 3877 1348 3942; x_wconf 89' lang='lat' dir='ltr'>credita</span> 
     </span>
     <span class='ocr_line' id='line_1_25' title="bbox 231 3983 1350 4066; baseline -0.001 -17"><span class='ocrx_word' id='word_1_177' title='bbox 231 3984 395 4050; x_wconf 84' lang='lat' dir='ltr'>diuinitate</span> <span class='ocrx_word' id='word_1_178' title='bbox 412 3986 536 4051; x_wconf 79' lang='lat' dir='ltr'>Tullius</span> <span class='ocrx_word' id='word_1_179' title='bbox 559 3985 737 4050; x_wconf 86' lang='lat' dir='ltr'>admiratur.</span> <span class='ocrx_word' id='word_1_180' title='bbox 762 3984 863 4050; x_wconf 89' lang='lat' dir='ltr'>Verba</span> <span class='ocrx_word' id='word_1_181' title='bbox 884 3985 953 4049; x_wconf 88' lang='lat' dir='ltr'>eius</span> <span class='ocrx_word' id='word_1_182' title='bbox 975 3989 1012 4048; x_wconf 86' lang='lat' dir='ltr'>ut</span> <span class='ocrx_word' id='word_1_183' title='bbox 1033 3984 1151 4066; x_wconf 83' lang='lat' dir='ltr'>scripta</span> <span class='ocrx_word' id='word_1_184' title='bbox 1173 3986 1248 4048; x_wconf 89' lang='lat' dir='ltr'>sunt</span> <span class='ocrx_word' id='word_1_185' title='bbox 1270 3983 1350 4048; x_wconf 81' lang='lat' dir='ltr'>inse·</span> 
     </span>
     <span class='ocr_line' id='line_1_26' title="bbox 227 4088 1393 4176; baseline -0.008 -21"><span class='ocrx_word' id='word_1_186' title='bbox 227 4110 304 4156; x_wconf 88' lang='lat' dir='ltr'>ram.</span> <span class='ocrx_word' id='word_1_187' title='bbox 331 4091 444 4176; x_wconf 79' lang='lat' dir='ltr'>‘Magis</span> <span class='ocrx_word' id='word_1_188' title='bbox 467 4094 525 4169; x_wconf 89' lang='lat' dir='ltr'>est,</span> <span class='ocrx_word' id='word_1_189' title='bbox 548 4091 657 4173; x_wconf 88' lang='lat' dir='ltr'>inquit,</span> <span class='ocrx_word' id='word_1_190' title='bbox 680 4091 710 4154; x_wconf 94' lang='lat' dir='ltr'>in</span> <span class='ocrx_word' id='word_1_191' title='bbox 734 4090 869 4156; x_wconf 90' lang='lat' dir='ltr'>Romulo</span> <span class='ocrx_word' id='word_1_192' title='bbox 892 4089 1116 4166; x_wconf 87' lang='lat' dir='ltr'>admirandum,</span> <span class='ocrx_word' id='word_1_193' title='bbox 1140 4088 1224 4172; x_wconf 91' lang='lat' dir='ltr'>qnod</span> <span class='ocrx_word' id='word_1_194' title='bbox 1241 4090 1348 4154; x_wconf 87' lang='lat' dir='ltr'>ceteri.</span> <span class='ocrx_word' id='word_1_195' title='bbox 1367 4107 1393 4146; x_wconf 73' lang='lat' dir='ltr'>u</span> 
     </span>
     <span class='ocr_line' id='line_1_27' title="bbox 228 4194 1348 4279; baseline -0.003 -17"><span class='ocrx_word' id='word_1_196' title='bbox 228 4197 278 4279; x_wconf 87' lang='lat' dir='ltr'>qui</span> <span class='ocrx_word' id='word_1_197' title='bbox 308 4197 339 4261; x_wconf 92' lang='lat' dir='ltr'>di</span> <span class='ocrx_word' id='word_1_198' title='bbox 367 4217 402 4261; x_wconf 84' lang='lat' dir='ltr'>er</span> <span class='ocrx_word' id='word_1_199' title='bbox 428 4197 607 4262; x_wconf 90' lang='lat' dir='ltr'>homiuibus</span> <span class='ocrx_word' id='word_1_200' title='bbox 634 4196 709 4261; x_wconf 83' lang='lat' dir='ltr'>iacti</span> <span class='ocrx_word' id='word_1_201' title='bbox 735 4215 805 4261; x_wconf 85' lang='lat' dir='ltr'>esse</span> <span class='ocrx_word' id='word_1_202' title='bbox 832 4197 987 4273; x_wconf 72' lang='lat' dir='ltr'>deantur,</span> <span class='ocrx_word' id='word_1_203' title='bbox 1010 4194 1115 4260; x_wconf 88' lang='lat' dir='ltr'>minus</span> <span class='ocrx_word' id='word_1_204' title='bbox 1137 4195 1270 4261; x_wconf 86' lang='lat' dir='ltr'>cruditis</span> <span class='ocrx_word' id='word_1_205' title='bbox 1294 4195 1348 4260; x_wconf 89' lang='lat' dir='ltr'>bo-</span> 
     </span>
     <span class='ocr_line' id='line_1_28' title="bbox 231 4301 1349 4386; baseline -0.002 -19"><span class='ocrx_word' id='word_1_206' title='bbox 231 4304 349 4369; x_wconf 91' lang='lat' dir='ltr'>minum</span> <span class='ocrx_word' id='word_1_207' title='bbox 380 4303 513 4369; x_wconf 85' lang='lat' dir='ltr'>aseoulis</span> <span class='ocrx_word' id='word_1_208' title='bbox 544 4303 679 4379; x_wconf 82' lang='lat' dir='ltr'>luerunt,</span> <span class='ocrx_word' id='word_1_209' title='bbox 710 4306 747 4367; x_wconf 87' lang='lat' dir='ltr'>ut</span> <span class='ocrx_word' id='word_1_210' title='bbox 781 4302 917 4386; x_wconf 82' lang='lat' dir='ltr'>tingendi</span> <span class='ocrx_word' id='word_1_211' title='bbox 951 4302 1101 4384; x_wconf 89' lang='lat' dir='ltr'>procliuis</span> <span class='ocrx_word' id='word_1_212' title='bbox 1137 4304 1222 4366; x_wconf 89' lang='lat' dir='ltr'>esset</span> <span class='ocrx_word' id='word_1_213' title='bbox 1257 4301 1349 4365; x_wconf 90' lang='lat' dir='ltr'>ratio.</span> 
     </span>
     <span class='ocr_line' id='line_1_29' title="bbox 229 4406 1384 4492; baseline -0.003 -19"><span class='ocrx_word' id='word_1_214' title='bbox 229 4427 301 4474; x_wconf 88' lang='lat' dir='ltr'>cum</span> <span class='ocrx_word' id='word_1_215' title='bbox 323 4411 448 4492; x_wconf 92' lang='lat' dir='ltr'>inperiti</span> <span class='ocrx_word' id='word_1_216' title='bbox 469 4408 561 4474; x_wconf 82' lang='lat' dir='ltr'>laoile</span> <span class='ocrx_word' id='word_1_217' title='bbox 580 4408 618 4472; x_wconf 92' lang='lat' dir='ltr'>ad</span> <span class='ocrx_word' id='word_1_218' title='bbox 636 4407 823 4472; x_wconf 90' lang='lat' dir='ltr'>credendum</span> <span class='ocrx_word' id='word_1_219' title='bbox 840 4407 1075 4491; x_wconf 87' lang='lat' dir='ltr'>inpellerentur;</span> <span class='ocrx_word' id='word_1_220' title='bbox 1098 4406 1225 4472; x_wconf 89' lang='lat' dir='ltr'>Romuli</span> <span class='ocrx_word' id='word_1_221' title='bbox 1244 4410 1350 4471; x_wconf 83' lang='lat' dir='ltr'>sutem</span> <span class='ocrx_word' id='word_1_222' title='bbox 1381 4418 1384 4423; x_wconf 80' lang='grc'><em>·</em></span> 
     </span>
    </p>
   </div>
   <div class='ocr_carea' id='block_1_6' title="bbox 317 4623 773 4693">
    <p class='ocr_par' dir='ltr' id='par_1_7' title="bbox 317 4623 773 4693">
     <span class='ocr_line' id='line_1_30' title="bbox 317 4623 773 4693; baseline -0.004 -14"><span class='ocrx_word' id='word_1_223' title='bbox 317 4626 410 4680; x_wconf 75' lang='lat' dir='ltr'>sset.</span> <span class='ocrx_word' id='word_1_224' title='bbox 428 4627 495 4689; x_wconf 70' lang='lat' dir='ltr'>ma</span> <span class='ocrx_word' id='word_1_225' title='bbox 547 4626 580 4677; x_wconf 82' lang='lat'>25</span> <span class='ocrx_word' id='word_1_226' title='bbox 599 4625 663 4693; x_wconf 66' lang='lat' dir='ltr'>sep.</span> <span class='ocrx_word' id='word_1_227' title='bbox 683 4623 719 4683; x_wconf 89' lang='lat'>11.</span> <span class='ocrx_word' id='word_1_228' title='bbox 740 4624 773 4678; x_wconf 85' lang='lat' dir='ltr'>ro</span> 
     </span>
    </p>
   </div>
   <div class='ocr_carea' id='block_1_7' title="bbox 234 4744 1354 4939">
    <p class='ocr_par' dir='ltr' id='par_1_8' title="bbox 234 4744 1354 4939">
     <span class='ocr_line' id='line_1_31' title="bbox 268 4744 1354 4817; baseline -0.002 -17"><span class='ocrx_word' id='word_1_229' title='bbox 268 4749 329 4802; x_wconf 80' lang='lat' dir='ltr'>&#39;let</span> <span class='ocrx_word' id='word_1_230' title='bbox 348 4749 449 4817; x_wconf 85' lang='lat' dir='ltr'>taliap</span> <span class='ocrx_word' id='word_1_231' title='bbox 493 4749 609 4802; x_wconf 68' lang='lat' dir='ltr'>debiam</span> <span class='ocrx_word' id='word_1_232' title='bbox 628 4765 713 4816; x_wconf 60' lang='lat' dir='ltr'>emp</span> <span class='ocrx_word' id='word_1_233' title='bbox 760 4748 826 4802; x_wconf 78' lang='lat' dir='ltr'>uus</span> <span class='ocrx_word' id='word_1_234' title='bbox 844 4747 903 4816; x_wconf 88' lang='lat' dir='ltr'>sip</span> <span class='ocrx_word' id='word_1_235' title='bbox 973 4745 1129 4815; x_wconf 78' lang='lat' dir='ltr'>ecoethotp</span> <span class='ocrx_word' id='word_1_236' title='bbox 1175 4744 1207 4799; x_wconf 89' lang='grc'>10</span> <span class='ocrx_word' id='word_1_237' title='bbox 1226 4749 1354 4813; x_wconf 74' lang='lat' dir='ltr'>eousque</span> 
     </span>
     <span class='ocr_line' id='line_1_32' title="bbox 234 4834 1354 4939; baseline -0.001 -51"><span class='ocrx_word' id='word_1_238' title='bbox 234 4835 270 4889; x_wconf 84' lang='lat' dir='ltr'>ud</span> <span class='ocrx_word' id='word_1_239' title='bbox 289 4838 375 4939; x_wconf 80' lang='lat' dir='ltr'>¹curuis</span> <span class='ocrx_word' id='word_1_240' title='bbox 395 4837 479 4892; x_wconf 75' lang='lat' dir='ltr'>emb</span> <span class='ocrx_word' id='word_1_241' title='bbox 534 4837 563 4889; x_wconf 96' lang='lat' dir='ltr'>ll</span> <span class='ocrx_word' id='word_1_242' title='bbox 584 4836 805 4891; x_wconf 84' lang='lat' dir='ltr'>resurrectiouib</span> <span class='ocrx_word' id='word_1_243' title='bbox 859 4838 890 4889; x_wconf 92' lang='grc'>12</span> <span class='ocrx_word' id='word_1_244' title='bbox 908 4834 1106 4904; x_wconf 76' lang='lat' dir='ltr'>incredibiliap</span> <span class='ocrx_word' id='word_1_245' title='bbox 1174 4839 1253 4887; x_wconf 84' lang='lat' dir='ltr'>tanta</span> <span class='ocrx_word' id='word_1_246' title='bbox 1270 4849 1354 4902; x_wconf 72' lang='lat' dir='ltr'>osup</span> 
     </span>
    </p>
   </div>
   <div class='ocr_carea' id='block_1_8' title="bbox 234 4946 1355 5195">
    <p class='ocr_par' dir='ltr' id='par_1_9' title="bbox 234 4946 1355 5195">
     <span class='ocr_line' id='line_1_33' title="bbox 236 4946 1352 5020; baseline 0 -19"><span class='ocrx_word' id='word_1_247' title='bbox 236 4950 266 5001; x_wconf 84' lang='lat'>17</span> <span class='ocrx_word' id='word_1_248' title='bbox 286 4967 343 5020; x_wconf 84' lang='lat' dir='ltr'>eam</span> <span class='ocrx_word' id='word_1_249' title='bbox 363 4967 427 5006; x_wconf 69' lang='lat' dir='ltr'>cn.</span> <span class='ocrx_word' id='word_1_250' title='bbox 446 4954 465 5003; x_wconf 84' lang='lat'><em>2</em></span> <span class='ocrx_word' id='word_1_251' title='bbox 482 4967 564 5015; x_wconf 86' lang='lat' dir='ltr'>corr.,·</span> <span class='ocrx_word' id='word_1_252' title='bbox 582 4967 687 5005; x_wconf 65' lang='lat' dir='ltr'>aarum</span> <span class='ocrx_word' id='word_1_253' title='bbox 705 4951 769 5003; x_wconf 74' lang='lat' dir='ltr'>iub</span> <span class='ocrx_word' id='word_1_254' title='bbox 831 4953 865 5004; x_wconf 85' lang='grc'>23</span> <span class='ocrx_word' id='word_1_255' title='bbox 883 4950 1011 5017; x_wconf 78' lang='lat' dir='ltr'>romolip</span> <span class='ocrx_word' id='word_1_256' title='bbox 1073 4950 1108 5002; x_wconf 80' lang='lat'>24</span> <span class='ocrx_word' id='word_1_257' title='bbox 1125 4946 1238 5017; x_wconf 87' lang='lat' dir='ltr'>Tullius]</span> <span class='ocrx_word' id='word_1_258' title='bbox 1258 4948 1352 5016; x_wconf 77' lang='lat' dir='ltr'>lilllus.</span> 
     </span>
     <span class='ocr_line' id='line_1_34' title="bbox 234 5034 1355 5105; baseline -0.002 -15"><span class='ocrx_word' id='word_1_259' title='bbox 234 5039 243 5090; x_wconf 92' lang='lat' dir='ltr'>i</span> <span class='ocrx_word' id='word_1_260' title='bbox 267 5053 300 5090; x_wconf 84' lang='lat' dir='ltr'>eu</span> <span class='ocrx_word' id='word_1_261' title='bbox 323 5054 340 5091; x_wconf 92' lang='lat' dir='ltr'>u</span> <span class='ocrx_word' id='word_1_262' title='bbox 362 5037 483 5092; x_wconf 70' lang='lat' dir='ltr'>rudmdo</span> <span class='ocrx_word' id='word_1_263' title='bbox 506 5039 634 5105; x_wconf 77' lang='lat' dir='ltr'>effectum.</span> <span class='ocrx_word' id='word_1_264' title='bbox 656 5055 675 5105; x_wconf 75' lang='lat' dir='ltr'>p</span> <span class='ocrx_word' id='word_1_265' title='bbox 795 5039 828 5090; x_wconf 82' lang='grc'>27</span> <span class='ocrx_word' id='word_1_266' title='bbox 852 5039 949 5092; x_wconf 86' lang='lat' dir='ltr'>saeculi</span> <span class='ocrx_word' id='word_1_267' title='bbox 971 5038 1013 5090; x_wconf 93' lang='lat' dir='ltr'>bis</span> <span class='ocrx_word' id='word_1_268' title='bbox 1036 5038 1077 5101; x_wconf 86' lang='lat' dir='ltr'>b¹;</span> <span class='ocrx_word' id='word_1_269' title='bbox 1099 5034 1199 5090; x_wconf 85' lang='lat' dir='ltr'>saeculi</span> <span class='ocrx_word' id='word_1_270' title='bbox 1220 5034 1302 5088; x_wconf 86' lang='lat' dir='ltr'>huius</span> <span class='ocrx_word' id='word_1_271' title='bbox 1326 5035 1355 5089; x_wconf 83' lang='lat' dir='ltr'>b²</span> 
     </span>
     <span class='ocr_line' id='line_1_35' title="bbox 234 5125 699 5195; baseline -0.002 -17"><span class='ocrx_word' id='word_1_272' title='bbox 234 5126 381 5195; x_wconf 87' lang='lat' dir='ltr'>procliuius</span> <span class='ocrx_word' id='word_1_273' title='bbox 399 5143 451 5195; x_wconf 80' lang='lat' dir='ltr'>e9;</span> <span class='ocrx_word' id='word_1_274' title='bbox 469 5125 538 5193; x_wconf 84' lang='lat' dir='ltr'>quo&#39;d</span> <span class='ocrx_word' id='word_1_275' title='bbox 557 5126 699 5192; x_wconf 88' lang='lat' dir='ltr'>procliuius</span> 
     </span>
    </p>
   </div>
   <div class='ocr_carea' id='block_1_9' title="bbox 0 0 1624 6325">
    <p class='ocr_par' dir='ltr' id='par_1_10' title="bbox 0 0 1624 6325">
     <span class='ocr_line' id='line_1_36' title="bbox 0 0 1624 6325; baseline 0 0"><span class='ocrx_word' id='word_1_276' title='bbox 0 0 1624 6325; x_wconf 95' lang='lat' dir='ltr'> </span> 
     </span>
    </p>
   </div>
  </div>
 </body>
</html>
