3217 6325
227 1308 290 1372 456
563 1302 589 1355 S.
615 1299 767 1354 Aurelii
793 1298 1002 1368 Augustini

226 1498 339 1581 quippe
374 1502 462 1572 istae,
498 1516 573 1579 quas
610 1496 744 1579 appellat
776 1493 847 1575 Gcg
878 1497 910 1557 et
940 1493 1064 1576 Mag0g‚
1097 1510 1155 1556 nun
1188 1490 1233 1554 sic
1266 1493 1343 1553 sunt

226 1604 428 1685 accipiendae,
464 1607 620 1684 tamquam
656 1602 719 1665 sint
749 1600 845 1682 aliqui
875 1599 906 1663 in
936 1599 1040 1680 aliqua
1069 1601 1156 1679 parte
1187 1600 1340 1661 terrarum

225 1708 345 1774 barbari
382 1707 552 1785 constituti,
588 1706 655 1770 siue
687 1724 765 1787 ques
797 1704 921 1787 quidam
954 1702 1151 1786 suspicantur
1181 1700 1277 1767 Getas
1308 1703 1343 1764 et

225 1815 418 1897 Massagetas
453 1816 579 1896 propter
612 1811 732 1875 litteras
767 1810 877 1874 herum
913 1808 1072 1874 neminum
1107 1806 1234 1890 primas,
1272 1806 1341 1871 siue

226 1920 346 2002 aliquus
377 1919 454 1983 alios
486 1918 673 2001 alienigenas
700 1920 732 1981 st
758 1935 776 1979 a
802 1915 941 1980 Romano
968 1916 1034 1979 iure
1061 1914 1228 1978 seiunctos.
1261 1912 1341 1977 Toto
1373 1934 1387 1973 s

225 2043 356 2105 namque
384 2025 456 2088 erbe
483 2028 632 2089 terrarum
656 2021 822 2105 significati
846 2026 921 2086 siant
942 2022 996 2085 isti
1018 2039 1098 2097 esse,
1126 2039 1196 2083 curn
1221 2019 1342 2084 dictum

226 2135 275 2193 est
304 2129 485 2194 nationes
509 2147 605 2211 quae
629 2131 721 2192 sunt
743 2128 778 2191 in
803 2130 995 2208 quattuor
1017 2125 1176 2208 angulis
1199 2129 1342 2201 terrae,

225 2253 339 2317 easque
362 2235 496 2301 subiecit
518 2254 586 2299 esse
611 2233 694 2317 Gcg
715 2238 754 2298 et
774 2233 925 2317 Magcg.
954 2231 1094 2312 Quorum
1115 2230 1343 2312 interpretatis

225 2361 295 2406 uem
317 2342 475 2406 nominum
498 2360 566 2406 esee
585 2340 791 2423 comperimus
811 2339 881 2422 Gcg
898 2342 1027 2413 tectum,
1050 2338 1167 2422 Magcg
1184 2336 1222 2401 de
1239 2340 1342 2411 tectc;

225 2451 383 2529 tamquam
411 2446 521 2511 domus
549 2450 581 2511 et
607 2446 674 2528 ipse
701 2446 754 2529 qui
781 2445 921 2528 precedit
943 2443 980 2509 de
1003 2443 1105 2508 dcmc.
1128 2440 1244 2507 Gentes
1268 2461 1343 2527 erge
1363 2469 1390 2507 n

225 2558 308 2627 sunt,
339 2553 371 2617 in
402 2552 515 2634 quibus
547 2551 704 2617 diabolum
734 2551 826 2616 uelut
851 2552 882 2615 in
909 2551 1022 2633 abysso
1050 2549 1194 2631 superius
1221 2548 1344 2613 intelle·

225 2658 374 2743 gebamus
397 2656 562 2735 inclusum,
586 2661 619 2721 et
640 2658 706 2740 ipse
725 2658 762 2722 de
780 2656 844 2722 illis
863 2655 996 2738 quodam
1015 2654 1107 2720 modo
1126 2673 1195 2720 sess
1214 2654 1343 2719 efferens

226 2768 257 2828 et
282 2763 467 2847 procedens;
500 2767 536 2826 ut
562 2763 634 2827 illae
662 2762 724 2828 sint
750 2766 880 2839 tectum,
904 2762 971 2845 ipse
994 2760 1031 2825 de
1054 2765 1149 2825 tecte.
1181 2759 1215 2824 Si
1238 2764 1343 2825 autem

224 2874 389 2951 utrumque
420 2869 588 2933 referamus
620 2869 658 2932 ad
690 2872 809 2953 gentes,
840 2886 900 2932 uon
927 2886 1024 2931 unum
1051 2866 1163 2930 lucrum
1190 2865 1230 2930 ad
1260 2866 1343 2942 illas,

224 2976 356 3039 alterum
379 2973 417 3038 ad
440 2974 614 3039 diabolum:
638 2977 669 3038 et
691 2976 809 3037 tectum
832 2973 918 3056 ipsae
941 2977 1024 3049 sunt,
1048 2973 1122 3055 quia
1144 2972 1175 3035 iu
1199 2971 1244 3036 eis
1263 2989 1344 3036 nunc
1362 2994 1389 3036 n

223 3078 394 3144 includitur
420 3081 452 3144 et
477 3078 610 3161 quedam
638 3078 729 3145 mcdc
752 3079 870 3162 tegitur
890 3078 1036 3143 inimicus
1059 3077 1223 3160 antiquum
1251 3077 1344 3142 etde

224 3189 307 3252 tecto
329 3187 416 3269 ipsse
440 3189 539 3264 erunt,
563 3185 684 3269 quande
707 3185 739 3250 iu
766 3190 907 3269 apertum
935 3186 1040 3252 odium
1064 3185 1102 3250 de
1125 3189 1232 3269 operto
1255 3204 1344 3267 erup

225 3297 312 3357 turae
340 3294 422 3356 sunt
451 3291 541 3372 Quod
564 3310 636 3357 uere
660 3291 719 3356 sit:
742 3291 789 3355 dt
816 3291 1109 3356 adscenderunt
1132 3310 1252 3374 supra
1272 3295 1344 3356 ter·

224 3416 289 3462 rae
311 3396 571 3462 latitudinem
599 3400 637 3461 et
659 3397 870 3463 cinxerunt
896 3401 1029 3462 castra
1051 3401 1281 3463 sauctorum
1305 3401 1345 3462 st

225 3503 416 3567 dilectam
440 3502 669 3568 ciuitatem:
696 3521 756 3567 ncn
779 3502 889 3585 utique
912 3502 950 3567 ad
972 3522 1069 3567 unum
1090 3504 1195 3567 lecum
1218 3503 1343 3568 uenisse
1360 3528 1390 3568 sc

224 3609 277 3673 uel
299 3608 422 3673 uenturi
446 3626 514 3673 esse
536 3607 703 3692 significati
726 3611 810 3686 suni,
833 3609 923 3690 quasi
945 3628 1006 3673 unc
1029 3609 1132 3686 aliquo
1150 3610 1219 3673 loco
1240 3608 1346 3672 futura

225 3714 288 3778 sint
318 3717 422 3778 castra
450 3717 627 3779 sanctorum
658 3716 690 3778 st
721 3714 837 3779 dilecta
863 3714 985 3792 ciuitas,
1017 3733 1088 3778 cum
1116 3715 1191 3779 haec
1219 3712 1346 3778 nonsit

223 3819 284 3884 nisi
307 3818 423 3887 Christi
455 3819 588 3884 ecclesia
613 3823 681 3885 toto
707 3824 858 3885 terrarum
887 3821 960 3885 orbe
987 3819 1113 3898 diffusa3
1147 3838 1182 3883 ac
1209 3837 1264 3901 per
1286 3818 1346 3882 hcc

223 3925 412 4008 ubicumque
443 3928 518 3991 tunc
549 3925 616 4002 erit,
649 3945 728 4008 quae
758 3927 790 3990 iu
818 3925 962 3991 amnibus
989 3926 1133 4009 gentibus
1161 3924 1230 4002 erit,
1262 3922 1347 4006 quod

225 4029 433 4114 significatum
465 4033 514 4095 est
543 4031 667 4095 nemine
701 4030 877 4096 latitudinis
908 4035 1016 4107 terrae,
1048 4031 1091 4095 ibi
1123 4032 1214 4095 erunt
1244 4032 1347 4094 castra
1364 4057 1391 4098 n

226 4138 413 4211 sanctorum,
440 4135 485 4199 ibi
513 4135 572 4199 erit
598 4135 712 4201 dilecta
739 4137 804 4202 Dec
829 4136 940 4200 ciuitas
964 4136 1042 4213 eius,
1069 4134 1113 4200 ibi
1136 4135 1175 4200 ab
1199 4135 1345 4201 omnibus

225 4239 360 4305 inimicis
383 4241 460 4316 suis,
484 4241 557 4324 qais
578 4243 610 4305 et
627 4241 686 4322 ipsi
704 4242 736 4305 in
755 4241 900 4306 omuibus
919 4260 989 4306 cum
1007 4241 1063 4305 illa
1080 4241 1225 4324 gentibus
1245 4242 1346 4313 erunt,

225 4345 451 4428 persecutionis
473 4345 559 4410 illius
582 4345 763 4411 inmanitate
787 4348 939 4432 cingetur,
966 4347 1025 4413 hoe
1048 4352 1107 4425 est,
1129 4347 1160 4411 in
1183 4347 1346 4431 angustias

224 4449 435 4516 tribulationis
472 4449 621 4514 artabitur
658 4451 820 4534 urgebitur
855 4453 1072 4525 concludetum
1109 4469 1165 4516 nec
1200 4451 1344 4516 militiam

226 4572 315 4619 suam
338 4553 468 4630 deseret,
492 4573 570 4637 quae
593 4554 745 4622 uocabulo
769 4562 818 4621 est
841 4558 993 4640 appellata
1016 4561 1198 4622 castrorum.
1365 4587 1393 4630 e

267 4728 280 4780 l
301 4744 367 4796 quas
386 4744 435 4782 em.
454 4726 475 4781 e¹
526 4729 543 4782 3
562 4728 709 4795 constituti,
728 4728 738 4781 i
760 4745 838 4783 muso
857 4737 887 4782 st
905 4729 1015 4783 uidetur
1029 4746 1077 4799 ep
1124 4732 1350 4799 lmassegetase

228 4815 368 4902 tuliquas
387 4816 487 4869 aliast
549 4815 753 4870 9detectumb
817 4819 982 4886 10igitnru
1041 4819 1070 4872 ll
1092 4819 1129 4888 in]
1149 4819 1211 4871 hit
1268 4820 1299 4872 12
1320 4823 1349 4871 et

228 4902 296 4972 ipse]
315 4901 397 4956 sedi>
455 4904 517 4956 seb
564 4904 596 4957 13
616 4904 784 4958 delectant
832 4909 863 4959 14
882 4924 942 4970 nep,
961 4923 994 4961 m.
1014 4923 1064 4959 rec.
1083 4907 1264 4975 superscripto
1278 4912 1317 4968 ut,
1327 4922 1348 4972 p

232 4991 264 5044 16
282 4989 451 5045 detectumb
505 4992 537 5046 18
555 5009 634 5061 supra
653 5011 709 5064 ap;
727 4995 912 5063 superbepc
974 4995 1005 5047 21
1026 4995 1115 5062 aliquo
1134 5011 1219 5046 unos
1288 4993 1347 5046 locu

230 5093 281 5131 om.
295 5095 316 5147 p
369 5080 403 5134 23
421 5080 484 5133 orbe
503 5081 664 5136 terrarumb
726 5083 759 5134 27
779 5083 905 5151 gentibus
924 5099 981 5136 cum
1000 5083 1079 5135 illae
1140 5083 1173 5135 29
1194 5081 1349 5150 urguebitur

230 5182 286 5235 ειη
304 5166 474 5238 urgediturp
527 5168 561 5222 30
579 5167 684 5222 deseret
702 5186 775 5222 suam
794 5187 807 5223 e
