3217 6325
224 1210 288 1274 624
560 1202 586 1259 S.
613 1200 765 1257 Aurelii
793 1198 1005 1269 Augustini
1066 1191 1070 1202 '

222 1395 379 1462 hominem
405 1393 435 1459 in
463 1394 648 1459 detrimenta
673 1408 802 1475 uergere
829 1390 982 1475 grauioris
1010 1407 1052 1454 ac‘
1068 1390 1178 1455 senilia
1202 1391 1345 1476 aetatio);

224 1506 255 1567 et
282 1502 351 1568 ideo
379 1520 439 1566 non
469 1519 538 1566 osee
568 1499 686 1564 dictum
715 1497 747 1563 in
769 1516 947 1562 meneutam
969 1496 1106 1580 corporis
1129 1498 1183 1562 uel
1204 1499 1236 1563 in
1261 1517 1346 1561 men-

226 1627 330 1674 surum
350 1611 497 1683 staturae,
521 1606 635 1671 sedin
658 1622 880 1670 mensuram
902 1604 1052 1669 aetatis
1071 1604 1347 1687 plenitudinis

227 1713 391 1780 Christi.

664 1902 797 1971 CAPUT
824 1901 908 1967 xvi.
1378 1936 1391 1976 ι

228 2043 368 2125 Qualis
409 2044 684 2128 intellegenda
724 2045 779 2110 eit
814 2046 1042 2110 sanctorum
1079 2043 1348 2110 conformatio

541 2150 586 2214 ad
609 2150 818 2236 imaginem
842 2149 926 2215 filii
950 2150 1031 2215 Dei.

271 2287 353 2353 illud
382 2288 485 2363 etiem,
512 2286 595 2369 quod
618 2288 662 2351 ait
687 2286 933 2370 praedestinatos
961 2286 1184 2354 conformes
1213 2288 1350 2372 imagi·

229 2393 289 2457 nis
312 2391 396 2456 filii
417 2392 499 2467 Dei,
523 2395 628 2475 potest
650 2395 683 2456 et
700 2391 870 2456 secundum
887 2392 1064 2458 interiorem
1082 2392 1241 2458 homiuem
1259 2393 1350 2459 intel-

228 2498 292 2584 legi
314 2497 408 2580 (unde
430 2497 520 2562 nobie
542 2497 603 2564 alio
625 2498 695 2563 loco
713 2496 805 2562 dicit:
829 2495 967 2562 Nolite
990 2497 1233 2563 conformari
1255 2498 1350 2563 huic
1368 2519 1394 2559 r·

231 2603 405 2679 saeculo,
438 2601 505 2668 uod
536 2602 808 2668 reformamini
840 2601 1087 2668 innouitate
1115 2605 1263 2670 mentio
1291 2624 1350 2670 ue-

231 2711 353 2783 atram
381 2707 436 2773 ubi
463 2726 535 2791 ergo
562 2708 774 2784 reformamur,
802 2726 840 2772 ne
867 2708 1095 2774 conformemur
1116 2708 1189 2775 huic
1212 2709 1351 2788 saeculo,

229 2813 274 2879 ibi
305 2814 533 2880 conformamur
561 2812 621 2879 Dei
647 2812 743 2900 filio);
774 2816 880 2899 potant
906 2817 938 2879 et
964 2815 1010 2881 eie
1037 2816 1145 2901 accipi,
1178 2819 1225 2893 ut,
1257 2835 1351 2899 quem

231 2919 270 2985 ad
291 2920 419 2987 modum
441 2918 530 2985 nobie
551 2919 606 2984 ille
623 2922 823 2998 mortalitate,
844 2920 890 2986 ita
907 2940 965 2985 nos
982 2920 1030 2985 iili
1047 2921 1221 2988 efficiamur
1237 2920 1352 2989 inmor-

230 3024 352 3091 talitate
379 3025 567 3101 conformem
595 3024 679 3108 quod
702 3025 828 3109 quidem
855 3025 947 3091 etad
970 3025 1071 3108 ipsam
1094 3027 1352 3094 resurrectionem
1370 3048 1395 3091 u

232 3149 394 3225 corpomm
421 3131 561 3216 pertinet
588 3130 622 3199 Si
649 3135 753 3198 autem
781 3131 930 3199 etiamin
954 3132 1141 3207 hieremie,
1168 3152 1231 3216 qua
1253 3132 1352 3201 foruna

231 3242 439 3305 reeumectura
460 3237 524 3304 siut
541 3256 677 3322 corpora,
701 3257 812 3304 eumue
835 3237 995 3316 admoniti,
1018 3240 1102 3305 sicut
1122 3240 1179 3304 iila
1195 3259 1352 3320 mensura,

233 3343 278 3409 ita
303 3347 336 3409 et
360 3344 423 3408 icta
449 3345 651 3410 conformatio
678 3364 738 3410 non
765 3342 949 3426 quantitatis
976 3344 1187 3429 intellegenda
1210 3351 1268 3419 eet,
1297 3347 1355 3411 sed

233 3450 354 3516 aetatis.
386 3448 563 3535 Resurgent
587 3449 693 3533 itaque
726 3468 834 3515 omnes
859 3452 925 3514 tam
952 3450 1057 3535 magni
1089 3470 1226 3535 corpore,
1259 3471 1353 3534 quum

233 3557 285 3621 uel
319 3559 406 3622 erant
436 3558 486 3622 uel
523 3555 620 3620 futuri
651 3558 737 3620 amnt
772 3560 875 3621 aetate
905 3556 1059 3632 iuuenali;
1095 3557 1240 3640 quamuis
1275 3557 1354 3623 nihil
1369 3578 1396 3619 ro

233 3661 342 3738 oberit,
370 3660 493 3726 etiamsi
519 3660 578 3726 erit
603 3660 754 3727 infantilis
781 3661 834 3726 uel
860 3660 966 3726 eenilie
993 3663 1131 3744 corporis
1156 3662 1267 3741 forma,
1299 3664 1353 3729 ubi

232 3787 289 3832 nec
324 3767 448 3847 mentio,
484 3785 541 3832 nec
576 3767 676 3851 ipsine
712 3766 850 3851 corporis
880 3766 946 3832 ulla
976 3768 1148 3834 remanebit
1178 3768 1353 3835 infirmitas.

234 3872 329 3939 Unde
349 3873 444 3938 etiam
471 3874 500 3938 ei
525 3873 596 3956 quie
623 3873 654 3938 in
682 3891 718 3939 eo
745 3872 882 3957 corporis
909 3872 1012 3950 modo,
1040 3872 1072 3938 in
1098 3893 1159 3956 quo
1187 3873 1354 3940 defunctus

234 3981 293 4056 eat,
315 3982 560 4045 resurrecturum
583 3979 836 4063 unumquemque
859 3978 1028 4057 contendit,
1051 3997 1111 4044 non
1135 3983 1185 4045 est
1206 3999 1279 4046 cum
1299 3981 1353 4047 ilio

234 4083 390 4149 laboriosa
411 4085 651 4151 contradictione
674 4085 883 4170 pugnandum.
1370 4103 1396 4146 a

321 4274 338 4329 8
355 4274 430 4330 Rom.
448 4277 474 4338 8,
493 4277 527 4331 29
581 4276 614 4332 10
632 4275 667 4330 ib.
688 4277 729 4343 12,
747 4278 764 4331 2

269 4398 286 4451 6
305 4397 431 4453 conform.
450 4401 635 4468 anctorump
696 4399 713 4454 8
731 4398 881 4454 conformer
898 4398 975 4453 codd.
989 4405 1101 4467 praeter
1118 4417 1141 4468 ρ,
1159 4415 1187 4464 o,·
1206 4399 1355 4467 conformes

237 4483 294 4538 deri
312 4504 326 4555 ρ
343 4485 440 4541 Domb.
494 4490 524 4542 ll
545 4486 642 4540 mentia
659 4490 749 4540 noetre
764 4503 798 4556 m
817 4503 909 4540 eeueuu
926 4487 1010 4540 uoetri
1029 4487 1072 4540 ta
1131 4488 1162 4541 14
1179 4486 1227 4540 ille
1244 4487 1356 4540 nobiae

236 4571 268 4623 17
289 4573 426 4626 ammoniti
442 4590 461 4643 9
547 4574 627 4627 acin
646 4574 756 4628 iuuenili
774 4577 897 4628 aetatec
942 4641 944 4646 Ι
1002 4574 1227 4643 iuuenali‘be¹9,·
1244 4575 1355 4629 iuuenili

239 4658 341 4729 uc’pc
410 4661 568 4733 nihiloperit
584 4678 601 4731 9
