3217 6325
280 1334 344 1399 428
613 1330 641 1386 S.
668 1330 822 1386 Aurelii
849 1330 1063 1401 Augustini

281 1524 360 1590 Cum
392 1542 467 1590 nero
499 1523 537 1588 ad
566 1523 647 1589 illuri
678 1523 736 1589 Dei
761 1522 914 1589 iudicium
942 1523 1130 1603 uenerimus,
1157 1524 1248 1590 onius
1279 1529 1406 1610 tempus

279 1630 342 1696 iam
365 1630 488 1714 proprie
510 1629 577 1696 dies
599 1628 709 1695 inoioii
727 1632 763 1695 et
781 1629 946 1713 aliquando
965 1629 1032 1695 dies
1051 1628 1177 1696 Domini
1194 1636 1405 1715 nuncupatur:

279 1756 340 1803 nou
362 1737 466 1803 solum
489 1754 704 1821 quaecumque
725 1739 801 1802 tuno
823 1736 1054 1815 iudicabuntur,
1072 1756 1182 1802 uorum
1201 1737 1295 1803 etiam
1314 1758 1406 1823 quae

280 1862 415 1929 eumque
450 1844 489 1909 ab
523 1843 614 1908 initio
644 1841 780 1908 iudioota
818 1844 851 1907 ot
881 1861 1094 1925 quaecumque
1124 1863 1225 1928 usque
1256 1844 1295 1908 ad
1325 1846 1406 1910 illud

279 1953 405 2033 tempus
423 1949 525 2014 adhue
542 1948 709 2013 iudicanda
729 1951 816 2027 sunt,
838 1950 1032 2031 apparebunt
1047 1968 1116 2014 esse
1134 1950 1318 2015 iustissima.
1341 1951 1405 2016 Ubi
1433 1973 1447 2013 s

279 2054 340 2120 hoo
371 2073 498 2138 quoqne
527 2052 789 2130 manifestabitur,
821 2072 914 2136 quam
941 2054 1025 2118 iusto
1052 2053 1168 2120 iudicio
1194 2056 1255 2121 Dei
1280 2055 1345 2133 fiat,
1368 2061 1405 2121 ut

280 2179 362 2225 nuno
392 2164 457 2225 tam
488 2160 590 2224 multa
619 2177 656 2223 ao
686 2178 783 2242 paene
816 2159 920 2223 omnia
948 2159 1035 2224 iusta
1065 2160 1182 2226 iudicia
1203 2161 1262 2227 Dei
1287 2161 1407 2227 lateant

280 2284 392 2332 sensus
422 2270 605 2348 mentesque
632 2266 822 2344 mortalium,
849 2284 922 2331 oum
949 2269 1053 2331 tamen
1078 2266 1110 2331 in
1138 2268 1196 2332 hae
1222 2285 1255 2333 re
1281 2268 1404 2352 piomm

279 2350 371 2437 llolem
395 2392 455 2438 non
478 2372 584 2450 lateat,
606 2372 725 2437 iustum
749 2391 819 2438 esse
843 2372 926 2455 quod
947 2372 1035 2438 latet

736 2563 950 2631 osonum.
1425 2613 1451 2650 „

280 2700 384 2783 Quid
412 2704 450 2769 in
473 2703 578 2770 libro
602 2705 848 2772 ecclesiaste
871 2705 1056 2772 Salomon
1081 2706 1218 2783 dehis,
1247 2707 1405 2790 quaein

280 2809 351 2874 hao
377 2810 466 2875 uita
493 2814 531 2875 et
558 2811 673 2877 bonis
704 2816 743 2876 et
765 2812 883 2876 malis
907 2816 1000 2877 sunt
1022 2814 1252 2890 communia,
1276 2814 1405 2897 dispu-

794 2919 903 2984 tarit.

323 3057 444 3144 Nempe
471 3058 629 3136 Salomon,
657 3058 909 3140 sapientissimus
931 3079 982 3124 rer
1004 3060 1111 3135 Israel,
1135 3061 1188 3143 qui
1210 3060 1353 3146 regnauit
1373 3061 1406 3126 in

279 3165 489 3241 Hierusalem,
520 3164 647 3239 libmm,
679 3164 733 3246 qui
769 3170 901 3230 uocatur
935 3165 1134 3230 ecclesiastes
1170 3169 1202 3230 et
1232 3185 1250 3228 a
1281 3164 1405 3231 Iudaeis
1425 3179 1451 3218 1⁵

280 3289 404 3355 quoque
435 3270 570 3335 habetur
599 3270 631 3334 in
659 3288 817 3334 sacrarum
845 3289 959 3335 canone
985 3271 1170 3348 litterarum,
1201 3271 1247 3335 sio
1279 3289 1406 3335 exorsus

282 3381 347 3443 est:
370 3376 538 3442 Vanitas
562 3375 844 3454 nuntiantium,
868 3375 972 3442 dixit
992 3377 1277 3454 ecclesiastem
1301 3377 1406 3443 uani·

281 3487 344 3548 tas
371 3481 654 3558 uanitantium,
684 3481 814 3546 omnia
836 3483 1007 3549 nouitas.
1032 3482 1139 3564 Quae
1162 3483 1408 3549 abundantia

282 3589 434 3654 homini
461 3589 499 3653 in
524 3587 627 3653 omni
650 3586 787 3653 labore
812 3607 892 3670 suo,
921 3609 996 3671 quo
1018 3590 1179 3654 laborat
1201 3589 1273 3654 sub
1297 3590 1407 3654 sole?

280 3694 323 3758 Et
357 3714 429 3759 oum
466 3714 501 3759 ex
536 3696 595 3760 hae
626 3698 780 3762 sententia
816 3699 991 3760 consuleret
1021 3698 1132 3773 uetera,
1164 3713 1408 3761 commemorans
1425 3708 1452 3748 ¹⁰

280 3818 443 3866 aommnos
470 3819 649 3885 erroresque
677 3803 761 3868 uitae
787 3803 883 3867 huius
911 3805 943 3866 et
964 3805 1166 3867 uanesoentes
1192 3802 1309 3866 interea
1329 3805 1408 3864 tem-

280 3925 392 3990 porum
423 3908 542 3990 lapsus,
575 3907 628 3972 ubi
655 3908 731 3973 nihil
760 3909 908 3985 solidum,
935 3908 1014 3972 nihil
1041 3907 1154 3973 stabile
1179 3908 1345 3973 retinetur:
1374 3907 1406 3970 in

282 4031 319 4078 ea
353 4033 455 4078 rerum
491 4014 630 4079 uanitate
666 4015 725 4080 sub
761 4015 829 4080 sole
859 4014 938 4079 illud
970 4015 1064 4079 etiam
1101 4014 1242 4097 deplorat
1271 4011 1408 4094 quodam

280 4117 385 4196 modo,
409 4117 503 4201 quod,
527 4137 599 4183 oum
622 4119 665 4183 sit
681 4119 870 4185 abundantia
888 4118 1059 4202 sapientiae
1077 4138 1171 4202 super
1186 4117 1407 4202 insipientiam,

282 4225 366 4290 siout
387 4224 577 4289 abundantia
597 4225 679 4290 lueis
709 4243 804 4310 super
826 4227 979 4305 tenebras,
1006 4225 1217 4309 sapientisque
1240 4223 1322 4289 oouli
1344 4223 1408 4287 sint
1423 4238 1453 4281 rs

281 4331 313 4394 in
340 4330 441 4413 eapite
467 4329 569 4412 ipsius
596 4333 629 4395 et
655 4331 775 4396 stultus
802 4332 834 4395 in
861 4330 996 4396 tenebris
1024 4329 1174 4409 ambulet,
1200 4347 1280 4396 nnus
1302 4331 1407 4393 tamen

282 4436 427 4502 incursus
454 4435 592 4501 inonrrat
618 4436 774 4514 omnibus,
801 4436 911 4518 utique
934 4436 965 4499 in
988 4436 1047 4501 hoo
1068 4436 1135 4500 uita
1158 4455 1235 4518 quoe
1258 4434 1318 4500 sub
1341 4433 1408 4499 sole

284 4541 397 4625 agitur,
434 4541 612 4625 significans
648 4541 796 4607 uidelicet
832 4560 868 4605 ea
897 4543 988 4619 mala,
1025 4559 1104 4624 quae
1135 4540 1224 4606 bonis
1255 4543 1286 4605 et
1316 4538 1408 4603 malis

271 4739 278 4747 '
373 4732 403 4785 17
423 4731 511 4786 Eoole.
532 4734 555 4796 l,
574 4734 591 4786 2
609 4749 648 4802 sq.
702 4734 736 4786 24
755 4732 842 4788 Eeele.
861 4733 886 4794 2,
907 4732 939 4785 13
959 4748 997 4800 sq.

321 4855 400 4924 lad]
420 4856 483 4925 inp
554 4855 633 4910 odei
652 4855 751 4909 iudicio
766 4873 788 4925 p
856 4855 974 4909 'lmulte
992 4871 1076 4925 paene
1095 4854 1265 4922 etomnirp
1330 4852 1407 4933 Sap,

284 4960 378 4998 sensus
396 4949 551 5013 mentesque
568 4948 646 4999 mort.
665 4943 802 4999 lateanto
845 4945 877 4998 12
897 4945 951 4998 sint
964 4961 986 5012 p
1039 4944 1189 5014 disputaret
1205 4941 1249 5011 pf
1277 4942 1312 4994 17
1332 4940 1409 4993 uani-

284 5034 401 5087 tantinm
425 5033 542 5102 ob¹po,·
566 5032 715 5086 natantium
734 5034 758 5087 e¹
765 5052 775 5098 ‚·
795 5034 948 5087 uanitatum
965 5031 991 5086 ι’
996 5048 1018 5100 p
1140 5029 1208 5083 dixit
1230 5029 1323 5083 aeoles.
1346 5045 1409 5082 uan.

286 5122 465 5175 uanitantium
484 5137 535 5176 ors.
554 5137 594 5190 ep
650 5123 681 5176 18
700 5121 885 5193 nauitaltlnm,
904 5139 920 5175 n
940 5127 966 5174 et
982 5121 992 5174 i
1010 5121 1103 5187 erasis
1122 5119 1165 5172 ab
1219 5111 1307 5174 omnia
1325 5132 1412 5186 eppa

286 5209 399 5277 Donrb.;
417 5215 445 5263 et
463 5210 553 5264 omnia
571 5209 664 5279 abpo
734 5210 836 5264 homini
855 5209 953 5265 abund.
972 5227 988 5262 o
1042 5209 1074 5264 19
1093 5206 1165 5276 quod
1183 5224 1201 5276 p
