3217 6325
273 1354 340 1416 410
627 1350 654 1403 S.
682 1348 838 1402 Aurelii
864 1348 1076 1417 Augustini

273 1543 399 1609 homine
426 1542 482 1608 tali
509 1561 569 1608 nen
597 1546 647 1608 est
667 1542 733 1606 ulla
755 1541 889 1616 iustitia,
917 1541 1025 1625 procul
1048 1541 1143 1607 dubio
1165 1560 1222 1607 nee
1249 1542 1280 1607 in
1304 1542 1405 1608 homi-

274 1670 349 1716 uum
380 1653 483 1729 coetu,
515 1650 570 1734 qui
601 1669 636 1715 er
668 1648 846 1713 hominibus
874 1647 991 1713 talibus
1019 1651 1153 1713 constat.
1185 1646 1255 1713 Non
1281 1653 1330 1714 est
1352 1650 1406 1713 hie

274 1771 347 1842 ergo
370 1756 448 1821 iuris
470 1755 525 1820 ille
543 1773 724 1829 consensus,
744 1754 798 1837 qni
816 1754 978 1819 hominum
996 1753 1232 1819 multitudinem
1250 1756 1405 1839 populum

272 1863 360 1940 iacit,
392 1862 482 1927 euius
513 1880 563 1926 res
594 1860 711 1926 dieitur
740 1879 810 1926 esse
841 1879 895 1925 res
922 1860 1058 1945 publiea.
1090 1860 1172 1926 Nam
1199 1861 1238 1926 de
1263 1862 1405 1928 utilitate

274 1968 350 2052 quid
376 1969 489 2047 dicam
516 1968 606 2033 ¹euius
633 1968 727 2032 etiam
755 1967 972 2033 communione
999 1968 1137 2033 sociatus
1165 1971 1274 2033 noetus
1303 1968 1404 2032 homi·
1436 1990 1452 2033 s

274 2095 360 2157 num,
397 2076 481 2141 sicut
516 2094 586 2141 sese
615 2074 711 2140 habet
740 2074 802 2139 ista
833 2074 983 2151 definitio,
1013 2074 1149 2159 populus
1181 2079 1403 2157 nuncupatur?

274 2182 427 2263 Quamuis
459 2183 553 2258 enim,
586 2182 613 2247 si
644 2181 812 2266 diligenter
841 2181 1000 2259 adtendas,
1032 2199 1089 2245 nee
1117 2180 1240 2246 utilitas
1268 2180 1312 2245 sit
1337 2180 1404 2244 ulla

274 2289 461 2369 uiuentium,
485 2290 539 2373 qui
562 2288 676 2354 uiuunt
697 2288 790 2372 inpie,
815 2288 900 2352 sient
917 2288 1000 2353 uiuit
1017 2287 1130 2361 omnis,
1148 2286 1202 2370 qui
1224 2303 1287 2353 nou
1304 2286 1404 2351 seruit

273 2395 340 2461 Deo
366 2393 526 2478 seruitque
553 2393 767 2472 daemonibus,
794 2397 882 2459 tanto
904 2394 1006 2478 magis
1028 2393 1134 2478 inpiis,
1161 2396 1276 2477 quanta
1299 2392 1403 2475 magis

274 2500 346 2581 sibi,
372 2521 445 2566 enm
467 2501 530 2567 sint
552 2500 784 2566 inmundissimi
809 2500 948 2585 spiritus.
974 2503 1136 2583 tumqusm
1163 2499 1212 2565 dis
1235 2498 1403 2564 sacrificari
1423 2520 1451 2562 re

274 2605 402 2672 uolunt:
432 2608 535 2671 tumen
568 2606 652 2689 quod
683 2606 721 2670 de
753 2606 829 2671 iuris
866 2624 1018 2671 consensu
1050 2604 1183 2670 diximus
1219 2604 1297 2670 satie
1332 2623 1402 2670 esse

275 2711 418 2789 arbitror,
440 2712 524 2778 nude
547 2715 694 2796 appareat
715 2732 771 2796 per
793 2714 873 2779 hane
896 2711 1106 2777 definitionem
1128 2730 1188 2777 non
1212 2729 1281 2777 esse
1304 2729 1402 2794 pepu-

273 2818 351 2895 lum‚
379 2819 469 2884 euius
496 2838 547 2885 res
574 2818 700 2901 publiea
727 2837 795 2883 esse
819 2818 950 2893 dicatur,
979 2818 1009 2881 in
1033 2836 1093 2901 quo
1115 2817 1239 2883 iustitia
1260 2835 1320 2882 uon
1343 2821 1401 2882 est

274 2924 309 2991 si
336 2925 419 2990 euim
442 2924 552 2991 dieunt
573 2944 632 2990 uon
656 2924 820 3007 spiritibus
842 2922 1011 2999 inmundis,
1039 2922 1095 2988 sed
1118 2922 1167 2991 dis
1189 2922 1279 2989 bunis
1301 2923 1401 3007 adque

275 3030 392 3097 sanetis
417 3030 448 3096 in
478 3050 535 3096 ena
557 3050 589 3095 re
611 3031 739 3113 publiea
761 3030 897 3096 seruisse
920 3029 1089 3095 Romanos:
1119 3029 1271 3112 numquid
1293 3030 1401 3095 eadem
1420 3048 1448 3090 re

274 3136 391 3204 totiens
423 3137 591 3222 repetenda
622 3140 705 3214 sunt,
742 3154 821 3220 quae
851 3135 912 3200 iam
946 3136 1035 3212 satis,
1066 3134 1161 3202 immo
1192 3134 1276 3201 ultra
1306 3155 1400 3219 quam

276 3243 353 3309 sutis
381 3247 430 3311 eet
456 3243 615 3309 dirimas?
642 3240 720 3321 Quis
747 3242 830 3307 enim
855 3241 893 3308 sd
916 3241 999 3307 hum
1020 3241 1126 3307 locum
1148 3260 1204 3325 per
1225 3242 1401 3326 superiores

275 3349 370 3419 huius
398 3349 500 3432 operis
521 3349 618 3415 libros
641 3349 791 3432 peruenit,
820 3348 873 3430 qui
896 3347 1038 3413 dubitare
1060 3346 1162 3412 adhue
1187 3347 1290 3430 possit
1309 3349 1401 3414 malis

275 3458 309 3521 et
339 3455 458 3539 inpuris
490 3455 692 3520 daemonibus
724 3456 861 3520 seruisse
891 3453 1059 3532 Romanos,
1090 3453 1151 3518 nisi
1181 3454 1234 3519 uel
1268 3454 1401 3520 nimium

276 3560 411 3626 stolidus
446 3561 500 3625 uel
534 3560 792 3644 impudentissime
833 3560 1069 3625 contentiosus?
1109 3558 1171 3625 Sed
1206 3560 1244 3624 nt
1276 3562 1399 3626 taceam
1418 3579 1447 3619 ro

276 3667 385 3750 quales
404 3666 477 3742 sint,
496 3685 574 3748 quos
593 3663 752 3731 sacrifieiis
772 3666 930 3731 colebant:
948 3666 979 3730 in
998 3666 1068 3749 lege
1086 3665 1153 3730 ueri
1174 3664 1230 3730 Dei
1248 3665 1400 3748 seriptum

277 3774 341 3836 est:
366 3770 614 3837 sacrificans
638 3771 698 3836 dis
726 3771 1005 3837 eradicabitur
1025 3770 1104 3835 nisi
1132 3770 1298 3836 Domino
1321 3775 1401 3835 tan-

276 3883 367 3943 tum.
398 3876 465 3943 Nee
495 3877 584 3942 bonis
616 3876 712 3960 igitur
737 3895 793 3941 nee
821 3877 912 3944 malis
940 3877 988 3943 dis
1017 3877 1184 3942 sacrificari
1205 3878 1318 3955 uoluit,
1346 3879 1400 3959 qni

276 3985 337 4050 hoe
359 4002 431 4049 eum
453 3987 540 4049 tanta
562 3983 801 4049 commiuatione
824 3983 990 4067 praecepit

707 4172 842 4238 CAPUT
863 4172 964 4237 XXII.
1416 4194 1445 4238 ss

275 4314 328 4380 An
360 4331 483 4379 uerus
514 4313 570 4378 sit
600 4313 717 4390 Deus,
750 4314 814 4378 eui
846 4313 1072 4381 Christiani
1104 4314 1302 4394 seruiunt,
1335 4317 1399 4383 eui

581 4419 659 4485 soli
683 4419 829 4484 debeat
850 4421 1094 4487 sacrificari.

320 4559 380 4625 Sed
403 4559 583 4644 responderi
605 4564 727 4643 potest:
750 4557 839 4639 ‘Quis
864 4560 923 4625 iste
941 4561 1027 4626 Deus
1046 4564 1095 4625 eet
1112 4565 1169 4626 aut
1185 4561 1268 4627 unde
1286 4562 1399 4648 dignus

274 4667 432 4749 probatur,
451 4666 502 4731 eni
521 4665 668 4730 deberent
688 4665 901 4748 obtemperare
918 4665 1059 4745 Romani,
1078 4670 1115 4730 ut
1132 4666 1252 4732 nullum
1270 4666 1399 4734 deorum

363 4909 398 4962 22
415 4907 498 4967 Erod.
516 4909 560 4971 22,
579 4908 613 4961 20

313 5031 442 5086 ltalisb
505 5033 602 5086 dseu
665 5031 862 5086 'isdtendstur
875 5049 897 5100 p
960 5033 1122 5137 ldsssppsret
1134 5049 1156 5102 p
1216 5035 1249 5088 14
1266 5032 1314 5088 sed
1331 5033 1400 5103 iisp

278 5148 309 5201 17
329 5146 427 5217 quidp
494 5129 833 5216 ulsint1i(=runt)e
910 5148 944 5202 22
963 5148 1041 5218 nip
1115 5150 1150 5204 23
1168 5148 1399 5220 quil‚aerue.‚p

276 5235 311 5288 26
328 5234 393 5289 deus
411 5241 566 5305 pptnunrum
580 5252 603 5304 p
