3217 6325
306 1313 368 1379 338
642 1311 668 1365 S.
696 1311 851 1365 Aurelii
878 1312 1091 1381 Augustini

305 1525 363 1570 non
393 1505 618 1580 abhorrentem,
647 1504 715 1568 siue
743 1504 804 1570 aiio
832 1505 924 1570 modo
958 1504 1088 1569 eundem
1121 1524 1248 1570 sensum
1280 1507 1437 1589 explicare

303 1614 525 1688 monstrentur,
537 1610 598 1674 nisi
612 1610 752 1691 utrisque
772 1609 933 1674 codicibus
951 1610 1102 1692 inspectis
1119 1616 1279 1694 nequeunt
1294 1612 1436 1694 reperiri.

306 1718 339 1784 Si
363 1736 447 1801 ergo,
471 1720 508 1779 ut
531 1717 664 1799 oportet,
686 1715 763 1779 nihil
792 1716 878 1780 aliud
906 1716 1084 1780 intueamur
1109 1716 1140 1780 iu
1169 1717 1332 1798 scripturis
1357 1718 1435 1794 illis,

305 1824 365 1888 nisi
388 1822 462 1905 quid
494 1842 549 1904 per
580 1821 721 1887 homines
754 1821 864 1886 dixerit
892 1822 949 1886 Dei
978 1821 1125 1905 Spiritus,
1154 1822 1305 1905 quidquid
1329 1824 1434 1888 estin

304 1928 456 1993 Hebraeis
485 1927 645 1992 codicibus
673 1929 706 1991 et
731 1945 791 1991 nou
821 1930 871 1991 est
898 1931 974 2010 aput
1004 1928 1189 2010 interpretes
1221 1929 1435 2012 septuaginta,
1466 1955 1480 1994 s

304 2034 406 2099 noluit
425 2052 460 2097 ea
478 2052 533 2114 per
549 2033 640 2109 istos,
660 2032 714 2095 sed
733 2032 879 2113 perillus
898 2032 1064 2116 propbetas
1088 2033 1146 2096 Dei
1166 2031 1301 2117 Spiritus
1320 2034 1435 2098 dicere.

304 2138 462 2221 Quidquid
486 2158 560 2204 uero
584 2143 633 2203 est
655 2141 732 2220 aput
754 2137 971 2222 Septuaginta,
995 2139 1025 2203 in
1045 2139 1196 2203 Hebraeis
1220 2144 1326 2204 autem
1351 2140 1436 2204 codi-

304 2247 392 2312 cibus
411 2264 470 2310 non
488 2248 547 2319 est,
565 2263 620 2326 per
637 2245 717 2308 istos
736 2262 772 2307 ea
791 2245 904 2308 maluit
922 2264 1015 2325 quam
1034 2264 1088 2325 per
1106 2244 1178 2309 illos
1196 2244 1280 2309 idem
1296 2244 1434 2328 Spiritus

303 2352 415 2427 dicere,
430 2351 476 2415 sie
495 2349 661 2413 ostendens
679 2353 830 2430 utrosque
844 2350 943 2414 fuisse
961 2350 1136 2432 propbetas.
1154 2352 1220 2415 Isto
1240 2351 1321 2414 enim
1341 2350 1434 2416 modo

305 2457 366 2522 alia
388 2476 443 2539 per
464 2455 599 2531 Esaiam,
623 2455 684 2519 alia
705 2460 760 2535 per
776 2454 978 2533 Hieremiam,
1003 2457 1063 2519 alia
1085 2476 1139 2538 per
1157 2456 1252 2521 atium
1271 2457 1433 2539 aliumque
1450 2481 1475 2523 n

304 2562 485 2647 prophetam
515 2560 567 2623 uei
594 2559 685 2624 aliter
712 2559 818 2623 eadem
847 2580 902 2643 per
928 2560 1010 2624 hunc
1033 2578 1069 2624 ac
1095 2579 1151 2643 per
1171 2560 1262 2625 iilum
1285 2561 1372 2637 dixit,
1396 2566 1434 2626 ut

305 2667 416 2733 uoluit.
442 2663 600 2748 Quidquid
623 2684 713 2748 porro
737 2668 814 2746 aput
836 2669 986 2749 utrosque
1012 2666 1180 2743 inuenitur,
1203 2685 1258 2747 per
1281 2672 1433 2748 utrosque

305 2774 406 2838 dicere
430 2772 533 2837 uoluit
556 2790 638 2835 unus
661 2770 765 2851 adque
784 2770 868 2834 idem
892 2769 1043 2854 Spiritus3
1071 2771 1126 2835 sed
1149 2772 1192 2836 ita
1215 2776 1253 2835 ut
1274 2772 1322 2836 illi
1346 2792 1432 2855 prae-

305 2879 449 2944 cederent
474 2874 698 2959 prophetando,
721 2876 776 2939 isti
803 2880 1008 2957 sequerentur
1034 2877 1213 2960 prophetice
1239 2877 1312 2942 illos
1340 2879 1434 2943 inter-

303 2982 468 3066 pretaud03
499 2982 572 3066 quia
599 2981 683 3046 sicut
709 2981 739 3044 in
768 2980 833 3045 illis
860 3000 935 3046 uera
960 2985 993 3046 et
1015 2982 1231 3047 concordantia
1254 2984 1433 3050 dicentibus
1451 3012 1474 3050 n

305 3110 386 3155 rinus
409 3088 496 3172 pacis
520 3085 656 3170 Spiritus
683 3087 753 3160 fuit,
778 3086 824 3150 sic
851 3090 883 3150 et
909 3086 940 3150 in
967 3087 1038 3151 istis
1061 3108 1121 3153 non
1145 3108 1251 3154 secum
1276 3090 1432 3154 conferen-

304 3197 390 3260 tibus
413 3201 446 3259 et
467 3199 570 3258 tamen
593 3196 753 3277 tamquam
773 3211 824 3257 ore
842 3213 904 3258 uno
924 3198 1035 3258 cuncta
1052 3195 1330 3278 interpretantibus
1347 3196 1432 3261 idem

307 3301 442 3384 Spiritus
466 3319 546 3364 unus
569 3299 720 3382 appamit.

692 3488 827 3557 CAPUT
854 3490 1046 3555 XXXXIIII.

307 3630 408 3710 Quid
440 3630 760 3714 intellegendum
794 3630 850 3694 sit
883 3630 926 3694 de
948 3629 1231 3694 Nineuitarum
1259 3630 1431 3705 excidio,
1450 3657 1476 3693 so

307 3738 422 3803 cuius
446 3736 701 3802 denuntiatio
725 3736 763 3799 in
781 3736 962 3800 Hebraeo
987 3734 1256 3819 quadraginta
1280 3736 1433 3801 dierum

306 3843 439 3926 spatio
468 3841 660 3918 tenditur,
683 3840 722 3904 in
746 3839 1016 3924 Septuaginta
1043 3843 1172 3904 autem
1202 3841 1329 3907 tridui
1354 3841 1434 3906 bre·

655 3946 785 4011 nitate
810 3925 1079 4010 concluditur.

349 4087 410 4153 Sed
443 4088 487 4150 ait
518 4085 645 4168 aliquis:
678 4083 757 4162 ‘Quo
789 4086 882 4149 modo
916 4085 1012 4149 sciam
1046 4086 1119 4166 quid
1151 4087 1241 4151 lonas
1278 4088 1432 4169 propheta

305 4191 602 4269 dixeritNineuitis,
621 4194 741 4255 utrum:
761 4190 961 4265 Triduum,
981 4195 1019 4255 et
1037 4191 1188 4255 Nineue
1208 4196 1474 4271 sacristana

392 4385 426 4438 25
446 4383 502 4437 Ion.
524 4383 547 4440 3,
566 4383 583 4436 4

341 4507 517 4563 laborcente
536 4506 560 4558 e¹
614 4504 888 4574 2utriusqnep¹pu
941 4505 1093 4571 3igituro
1146 4505 1214 4557 bea
1232 4519 1315 4559 orne
1369 4505 1432 4558 iilos

304 4592 397 4664 proph.
417 4610 467 4654 om,
483 4611 504 4661 p
610 4593 627 4646 8
646 4609 677 4646 ea
695 4607 728 4645 m.
748 4594 767 4645 2
784 4590 815 4644 in
832 4607 934 4644 rasura
952 4592 1029 4644 uocis
1047 4592 1138 4656 etiam,
1155 4608 1173 4659 p
1291 4591 1399 4645 malluit
1414 4612 1433 4661 y

307 4682 340 4736 10
363 4682 444 4735 alium
468 4682 601 4749 aliumque
623 4679 717 4749 proph.
736 4677 781 4737 uel
803 4679 882 4732 aliter
905 4679 996 4732 eadem
1015 4695 1062 4748 pet
1079 4697 1112 4768 m:
1132 4684 1147 4731 1
1164 4680 1195 4731 in
1211 4678 1292 4746 inser.
1310 4695 1397 4748 marg.
1415 4698 1433 4749 p

305 4804 452 4873 aliumque]
472 4809 553 4872 atque
572 4804 687 4857 aliumo
778 4803 810 4855 12
829 4779 926 4863 antem,
945 4803 974 4855 in
993 4818 1077 4872 marg.
1096 4779 1145 4873 por
1162 4801 1253 4872 (sic)e
1360 4803 1432 4873 apud

305 4922 414 4984 utrosp
485 4934 532 4986 per
549 4885 639 4972 um„
654 4935 676 4986 ρ
745 4919 777 4970 16
795 4934 849 4969 non
867 4934 950 4969 oruc
1005 4919 1036 4969 li
1055 4921 1145 4970 tamen
1164 4933 1214 4971 om.
1228 4934 1251 4985 p
1322 4935 1396 4970 more
1410 4936 1431 4986 p

305 5020 357 5056 rino
377 5020 455 5058 oreo
525 5006 559 5058 22
578 5004 686 5074 tendit]
706 5004 821 5058 traditur
833 5022 855 5073 p
936 5007 1024 5057 auteur
1044 5021 1131 5072 osup
1201 5006 1235 5058 25
1253 5005 1382 5059 nineuitis
1396 5024 1432 5074 p,-

305 5091 432 5143 nininetis
452 5108 483 5157 a,·
502 5093 628 5145 ueniuitis
645 5110 676 5163 95
694 5094 814 5146 niniuitis
835 5094 897 5147 beo
950 5093 1046 5146 nineue
1062 5111 1099 5161 p,·
1116 5093 1211 5147 neniue
1227 5109 1258 5162 95
1276 5094 1385 5147 niniuen
1405 5111 1430 5159 e,·

305 5178 395 5231 niniue
415 5179 483 5232 aba
