3217 6325
224 1282 287 1348 576
572 1277 599 1331 S.
627 1275 781 1330 Aurelii
808 1274 1020 1344 Augustini

223 1472 327 1557 diligit
356 1471 439 1553 quod
466 1468 609 1554 inprobat
634 1468 787 1534 Christus.
820 1467 898 1532 Nam
926 1467 1003 1550 quid
1030 1467 1176 1549 cuiquam
1208 1466 1351 1550 prodest,

223 1578 306 1661 quod
331 1578 516 1661 baptisatur,
543 1576 572 1640 si
596 1594 657 1641 uon
685 1573 895 1641 iustificatur?
921 1574 1032 1639 Nonne
1059 1575 1114 1656 qui
1136 1574 1229 1638 dixit:
1257 1573 1351 1638 Nisi

223 1685 313 1766 quis
340 1688 502 1749 renatus
531 1682 659 1747 fuerit
685 1700 728 1746 or
750 1700 851 1764 aqua
873 1684 911 1745 et
934 1680 1102 1763 Spiritu,
1130 1699 1204 1745 nou
1227 1680 1351 1745 intra·

224 1790 343 1854 bitin
366 1808 527 1872 rognum
552 1788 632 1865 Doi,
654 1788 723 1871 ipss
746 1788 840 1853 stiam
859 1786 952 1852 dixit:
969 1786 1059 1853 Nisi
1078 1786 1352 1852 abuudauorit

224 1895 390 1961 iustitia
411 1900 545 1960 nostra
572 1913 693 1978 supor
714 1892 938 1958 scribarum
961 1896 1001 1957 ot
1021 1892 1350 1966 Pharisaeorum,
1381 1910 1397 1950 s

225 2020 298 2067 uon
320 2000 533 2066 intrabitis
556 2000 593 2064 in
612 2018 772 2083 reguum
791 1999 1017 2064 saelorum?
1035 1996 1123 2077 Quur
1139 1998 1219 2062 illud
1238 1998 1350 2062 timon·

224 2106 263 2170 do
295 2107 388 2171 multi
420 2108 547 2170 ourrrmt
572 2104 733 2188 baptisari,
766 2111 799 2169 st
825 2104 885 2169 lsoo
912 2125 972 2169 non
1000 2104 1138 2171 timendo
1166 2123 1227 2168 nou
1254 2102 1351 2167 multi

92 2278 94 2281 Α
225 2213 334 2283 oumnt
363 2209 548 2275 iustificari?
580 2208 670 2275 Sicut
694 2228 768 2294 orgo
795 2228 855 2274 non
882 2210 970 2275 fratri
996 2229 1055 2275 suo
1087 2211 1180 2276 dioit:
1212 2209 1351 2283 Fatue,

224 2316 279 2399 qui
311 2335 383 2381 curu
415 2316 474 2381 hoo
504 2307 581 2380 dicit
611 2333 670 2379 non
701 2315 769 2398 ipso
799 2315 997 2392 fraternitati,
1029 2315 1085 2380 sod
1115 2319 1245 2399 psooato
1282 2316 1352 2380 sius

224 2420 365 2486 intonsus
392 2425 440 2486 est
465 2419 618 2505 (alioquin
644 2438 716 2485 rous
743 2420 803 2485 erit
829 2421 989 2503 gehennas
1015 2421 1129 2507 ignis):
1161 2423 1207 2486 ita
1234 2439 1251 2485 a
1279 2438 1352 2484 oon·
1372 2438 1396 2475 ιο

225 2526 329 2603 trario,
366 2527 419 2610 qui
451 2524 583 2610 porrigit
613 2526 823 2609 elemosynam
855 2526 1044 2604 Christiano,
1074 2546 1136 2591 non
1172 2526 1352 2592 Christiano

225 2632 367 2717 porrigit,
399 2633 537 2715 quinon
564 2631 594 2695 in
623 2650 659 2696 eo
686 2631 790 2715 diligit
817 2632 992 2708 Christum
1024 2652 1085 2699 nou
1113 2637 1219 2698 autmn
1245 2631 1354 2717 diligit

227 2738 397 2817 Christum,
433 2738 486 2819 qui
521 2737 683 2803 iustificari
718 2743 843 2805 recusat
877 2740 910 2804 iu
942 2738 1078 2805 Christo.
1115 2740 1156 2804 lit
1186 2757 1280 2822 quom
1312 2739 1352 2802 ad

227 2844 354 2919 modum
387 2844 414 2907 si
445 2843 516 2926 quis
548 2849 793 2927 praeoccupatus
823 2845 920 2911 tuerit
950 2845 1011 2911 lroo
1039 2845 1165 2924 dolioto,
1195 2849 1235 2910 ut
1263 2844 1352 2909 fratri

228 2968 285 3014 sno
308 2949 406 3016 dicad:
429 2948 565 3025 Fatus,
591 2948 624 3013 id
646 2952 705 3025 ost,
731 2969 793 3015 uon
820 2950 890 3016 sius
911 2954 1075 3035 motatum
1099 2951 1211 3018 uolens
1228 2951 1352 3016 andorra
1372 2965 1396 3008 ιι

227 3055 419 3121 conuiuistur
447 3055 590 3133 iniusta·
604 3074 714 3139 purum
742 3060 792 3122 ost
817 3057 865 3122 illi
892 3057 932 3123 ad
957 3056 1018 3123 hou
1043 3056 1259 3123 redimendum
1290 3055 1352 3121 sla

227 3181 374 3246 mosynas
395 3162 505 3238 tatem,
527 3162 588 3228 uisi
611 3162 705 3229 stiam
727 3164 813 3247 quod
834 3165 879 3229 ibi
896 3165 1040 3248 sequitur
1055 3164 1228 3231 romsdinm
1245 3181 1353 3228 roson-

230 3269 398 3334 ciliationis
429 3269 580 3354 adiungat
609 3268 667 3353 (ibi
698 3270 779 3334 suim
812 3271 971 3353 sequitur:
1002 3269 1042 3338 Si
1074 3289 1168 3356 orgo
1200 3270 1352 3336 oitsros

231 3394 373 3440 munus
405 3379 514 3440 tuum
547 3374 595 3440 ad
626 3377 754 3441 altars
785 3380 825 3440 st
854 3376 912 3442 ibi
942 3377 1180 3444 rsoordatna
1211 3376 1351 3447 tueris,

232 3482 325 3564 qnia
346 3482 474 3547 frater
495 3487 588 3547 tuus
609 3482 729 3547 habot
751 3482 910 3565 aliquid
931 3483 1144 3549 aduersum
1161 3493 1211 3558 to,
1234 3482 1352 3547 rolin·
1367 3494 1395 3534 υ

233 3605 306 3670 qus
327 3587 384 3652 ibi
407 3590 677 3652 munnsotuum
697 3587 742 3652 ad
761 3588 888 3653 altars
907 3593 947 3654 st
963 3590 1062 3655 uado
1079 3590 1202 3673 prius,
1219 3607 1352 3654 racon-

232 3693 366 3758 oiliari
393 3692 511 3757 fratri
537 3697 616 3767 tuo,
647 3697 686 3758 ot
717 3697 810 3758 tuno
836 3695 1001 3759 uouieus
1031 3694 1182 3760 ostoros
1210 3713 1352 3760 munus

231 3800 371 3879 tuum):
402 3800 446 3864 ita
476 3818 584 3883 pamm
616 3803 665 3864 ost
695 3800 889 3883 elemosynas
920 3801 1133 3884 quantaslibet
1162 3801 1265 3867 fauore
1296 3822 1352 3885 pro

231 3920 427 3986 quocumque
449 3903 564 3968 scolere
586 3907 618 3968 st
639 3903 671 3968 in
695 3904 920 3970 consuetudins
942 3907 1095 3972 scelerum
1115 3922 1308 3991 parmanere.

277 4006 383 4073 Oratio
416 4028 490 4074 uero
521 4009 699 4086 cottidiana,
731 4029 825 4092 qnam
852 4011 960 4076 docuit
984 4013 1053 4095 ipss
1079 4013 1180 4090 lesus,
1207 4012 1291 4077 undo
1320 4014 1353 4077 st
1370 4023 1396 4064 ¹⁸

234 4113 386 4179 dominica
415 4115 603 4194 nominatur,
634 4114 716 4179 delet
747 4115 873 4198 quidem
904 4117 1075 4183 cottidiana
1108 4123 1248 4202 peccata,
1279 4137 1352 4182 oum

321 4320 882 4387 210.s,541t5,tosib.22
937 4322 1077 4380 1813.ss

270 4481 286 4536 3
305 4482 400 4551 spiritu
420 4498 485 4551 sep
501 4479 727 4585 Dontq'spiritu
745 4485 837 4537 sancto
855 4481 923 4549 ipo
999 4483 1016 4536 6
1033 4481 1061 4536 iu
1080 4498 1190 4552 ragnum
1209 4484 1352 4546 caelorum,

234 4597 365 4664 ismaro.
384 4597 469 4659 delo
520 4596 704 4664 'leurrpntm
723 4595 835 4664 curlsut.
851 4614 886 4656 ιι
905 4599 1196 4663 incurruuteorr,
1214 4615 1229 4651 e
1298 4616 1352 4652 uon

236 4684 474 4739 muldeununtt
512 4683 687 4752 8aiorgot
739 4700 893 4738 nouom
943 4683 1353 4756 iratrisuodicitubsgppu3

237 4772 302 4827 dicit
319 4773 395 4826 fratri
413 4789 494 4827 suoo
541 4772 643 4826 sdixio
660 4789 712 4826 nou
730 4773 823 4842 ipset
873 4773 905 4826 10
923 4789 1026 4844 geenne
1041 4790 1060 4843 9
1110 4773 1177 4842 itsg
1222 4775 1255 4828 18
1273 4776 1352 4828 iusti·

236 4886 309 4942 ilcari
327 4888 417 4956 diligit
434 4893 528 4958 upmp
612 4888 643 4942 15
660 4904 698 4956 sp.
716 4887 809 4941 uolens
825 4888 894 4942 torre
913 4889 1146 4943 conuineoreturb
1231 4890 1290 4942 lt'
1281 4893 1353 4944 rnui·

237 4975 352 5029 cieturo
419 4976 451 5030 18
469 4977 621 5029 orama
577 4991 635 5043 pu,
652 4976 806 5046 offerresp;
823 4977 901 5030 offers
920 4976 1039 5045 adeps
1103 4978 1136 5031 21
1155 4981 1218 5030 aute
1236 4978 1355 5033 ulturos

238 5064 401 5118 reconciliari
420 5064 483 5134 ⁶9¹5
500 5063 700 5118 reooueiliarou
744 5065 779 5118 12
797 5064 918 5118 ousae*
962 5067 997 5119 83
1016 5068 1101 5135 paulu,
1120 5083 1136 5119 ιι
1153 5066 1355 5133 solemn

239 5151 273 5206 25
290 5152 348 5222 ipss
365 5154 437 5205 iosus
454 5150 531 5204 codd.
543 5156 654 5218 master
672 5168 705 5218 u,·
720 5152 778 5222 ipso
794 5151 925 5206 Dominus
943 5169 972 5219 u,·
989 5152 1039 5208 dur
1052 5155 1110 5225 ipss
1127 5152 1220 5207 docuit
1237 5170 1257 5207 s
