3217 6325
293 1336 358 1399 290
627 1329 654 1385 S.
681 1329 834 1383 Aurelii
860 1328 1070 1398 Augustini

295 1526 395 1591 solere
418 1523 561 1589 dicebant
584 1524 697 1605 quibus
721 1524 840 1587 uellent
861 1541 917 1586 seu
935 1527 1063 1604 possent
1081 1524 1264 1603 uiatoribus,
1283 1525 1368 1589 unde
1386 1525 1418 1589 in

295 1631 435 1694 iumenta
451 1630 522 1694 ilico
542 1633 736 1693 uerterentur
754 1632 786 1692 et
803 1629 978 1693 necessaria
996 1648 1136 1710 quaeque
1154 1633 1315 1710 portarent
1331 1634 1419 1711 post

297 1754 356 1817 que
378 1735 541 1817 perfuncta
564 1753 655 1815 opera
677 1735 790 1797 iterum
815 1731 854 1796 ad
876 1752 910 1798 se
933 1733 1080 1807 redirent;
1109 1753 1167 1799 nec
1188 1739 1293 1799 tamen
1315 1736 1347 1800 in
1372 1736 1419 1800 cis

295 1845 432 1906 mentem
456 1840 521 1904 fieri
543 1840 717 1916 bestialem,
741 1838 796 1903 sed
824 1840 1005 1903 rationalem
1032 1838 1261 1922 humanamque
1289 1841 1419 1914 seruari,

296 1946 381 2010 sicut
401 1945 554 2029 Apuleius
575 1944 607 2007 in
630 1943 728 2020 libris,
752 1962 831 2025 quos
854 1944 933 2007 asini
951 1943 1035 2008 aurei
1053 1944 1145 2008 titulo
1164 1945 1332 2028 inscripsit,
1356 1945 1417 2009 sibi
1450 1967 1465 2009 s

295 2051 359 2132 ipsi
386 2049 607 2128 accidissent
634 2051 760 2131 accepto
787 2066 906 2113 ueneno
933 2049 1068 2119 humano
1095 2050 1197 2113 animo
1219 2053 1419 2133 permanente

297 2156 404 2221 asinus
427 2155 523 2232 fieret,
547 2157 603 2219 aut
623 2153 776 2217 indicauit
798 2158 854 2217 aut
875 2153 971 2216 tinxit.

341 2262 426 2325 Haec
449 2261 501 2324 ucl
527 2258 606 2324 falsa
633 2264 708 2322 sunt
729 2259 781 2322 uel
803 2261 867 2321 tarn
896 2258 1054 2335 inusitata,
1078 2268 1115 2322 ut
1136 2260 1247 2324 merito
1271 2279 1330 2325 non
1356 2279 1419 2325 cre·

297 2366 420 2431 dautur.
442 2364 636 2438 Firmissime
658 2367 762 2430 tamen
785 2363 969 2431 credendam
989 2367 1039 2428 est
1056 2364 1298 2446 omnipotentem
1316 2366 1418 2430 Deum

299 2491 392 2554 posse
415 2471 517 2534 omnia
539 2469 639 2535 tacere
663 2489 740 2551 quae
763 2470 908 2546 uoluerit,
932 2469 1000 2534 siue
1027 2469 1212 2535 uindicando
1241 2471 1310 2534 siue
1332 2490 1466 2553 prae-10

299 2577 421 2653 stando,
444 2595 500 2641 nec
523 2576 688 2641 daemones
712 2575 829 2658 aliquid
853 2575 971 2658 operari
999 2574 1170 2641 secundum
1193 2578 1321 2640 naturae
1344 2595 1421 2641 suae

300 2682 470 2768 potentiam
503 2681 589 2765 (quia
616 2682 742 2764 etipsa
768 2681 908 2763 angelica
935 2686 1075 2746 creatura
1105 2683 1164 2758 est,
1190 2681 1265 2746 licet
1294 2682 1421 2764 proprio

301 2788 380 2853 uitio
412 2786 454 2851 sit
483 2785 633 2871 maligna)
666 2787 725 2851 nisi
758 2786 840 2868 quod
872 2786 925 2851 ille
961 2787 1145 2868 permiserit,
1181 2788 1268 2851 cuius
1304 2787 1423 2852 iudicia

301 2892 426 2958 occulta
446 2895 521 2956 sunt
541 2892 650 2969 multa,
673 2892 789 2955 iniusta
811 2890 906 2955 nulla
930 2890 995 2955 Nec
1013 2911 1087 2955 saue
1105 2892 1270 2956 daemones
1293 2896 1426 2957 naturas

303 3001 417 3076 creant,
441 2998 468 3061 si
491 2997 609 3079 aliquid
631 2997 693 3059 talo
716 2996 845 3072 faciunt,
869 2996 906 3059 de
929 2996 1074 3077 qualibus
1097 2997 1193 3061 lactis
1208 2997 1268 3060 ista
1286 2998 1423 3062 uertitur
1443 3022 1471 3064 rr

303 3103 460 3188 quaestio;
493 3102 547 3167 sed
580 3102 682 3184 specie
714 3103 815 3175 tenus,
848 3120 926 3183 quae
954 3120 972 3165 a
999 3119 1072 3166 uero
1105 3101 1171 3167 Deo
1204 3105 1277 3166 sunt
1308 3108 1422 3179 creata,

304 3211 503 3282 commutant,
532 3209 568 3272 ut
599 3207 762 3271 uideantur
792 3225 861 3270 esse
893 3206 975 3287 quod
1007 3226 1067 3271 non
1100 3212 1183 3272 sunt.
1214 3207 1283 3272 Non
1314 3209 1423 3290 itaque

304 3316 405 3379 solum
428 3313 575 3390 animum,
599 3311 653 3375 sed
676 3331 713 3376 ne
736 3329 848 3392 corpus
872 3311 996 3393 quidem
1020 3312 1086 3376 ulla
1102 3313 1220 3378 ratione
1238 3311 1422 3379 crediderim

303 3420 487 3484 daemonum
506 3422 571 3482 arte
588 3417 641 3481 uel
659 3419 813 3499 potestate
831 3416 861 3480 in
880 3417 1019 3481 membra
1031 3421 1064 3481 et
1079 3417 1260 3483 liniamenta
1276 3418 1426 3485 bestialia

304 3525 457 3589 ueraciter
490 3541 581 3606 posse
618 3523 765 3599 conuerti,
803 3523 859 3586 sed
893 3522 1121 3604 phantasticum
1157 3523 1302 3601 hominis,
1338 3525 1424 3606 quod
1440 3551 1469 3592 ao

306 3631 400 3694 etiam
436 3627 599 3720 cogitando
635 3627 703 3691 sinc
740 3628 919 3692 somniando
956 3647 1011 3710 per
1045 3648 1147 3694 rerum
1186 3629 1425 3694 innumerabilis

305 3753 416 3819 genera
436 3734 575 3800 nudatur
597 3737 637 3808 et,
661 3751 732 3797 cum
751 3752 862 3815 corpus
882 3752 941 3797 non
962 3735 1014 3811 sit,
1033 3752 1195 3818 corporum
1214 3738 1316 3799 tumen
1336 3735 1424 3800 simi-

304 3839 352 3904 les
373 3837 453 3902 mira
470 3832 626 3918 celeritate
644 3837 758 3900 formas
777 3837 870 3920 capit,
890 3837 1000 3920 sopitis
1020 3844 1075 3901 aut
1092 3839 1247 3921 obpressis
1266 3841 1424 3924 corporeis

305 3943 441 4009 hominis
460 3942 603 4013 sensibus
618 3941 800 4006 eduliorum
816 3961 941 4006 sensum
962 3944 1064 4007 nescio
1083 3963 1143 4025 quo
1162 3943 1310 4008 ineffabili
1328 3945 1424 4011 modo

307 4049 406 4132 figura
428 4066 572 4130 corporea
597 4066 690 4130 posse
717 4038 857 4130 perduci;
885 4048 930 4112 ita
955 4052 992 4112 ut
1018 4067 1144 4130 corpora
1170 4050 1240 4132 ipsa
1260 4050 1423 4115 hominum
1442 4079 1470 4121 a

307 4154 422 4219 alicubi
451 4153 581 4230 iaceant,
613 4153 752 4216 uiuentis
785 4153 920 4235 quidem,
944 4153 1003 4217 sed
1033 4153 1131 4218 multo
1163 4154 1290 4237 gramm
1322 4155 1425 4239 adque

307 4258 523 4324 uehementius
537 4277 628 4344 quam
643 4277 750 4323 somno
765 4259 831 4323 suis
848 4254 990 4323 sensibus
1009 4259 1175 4335 obseratis;
1189 4258 1425 4343 phantasticum

308 4368 413 4431 autem
443 4362 522 4428 illud
554 4363 653 4427 ueluti
684 4367 880 4447 corporatum
911 4364 942 4428 in
974 4365 1106 4429 alicuius
1143 4365 1285 4435 animalis
1317 4365 1425 4448 effigie

309 4472 454 4554 appareat
475 4469 619 4533 sensibus
642 4468 750 4534 alienis
774 4470 909 4552 talisque
932 4469 1025 4533 etiam
1049 4469 1110 4534 sibi
1133 4489 1202 4535 esse
1224 4471 1317 4535 homo
1337 4471 1425 4537 uidc-

346 4703 437 4772 lsen]
456 4702 508 4769 uel,
525 4698 557 4755 in
573 4718 656 4773 musy.
675 4718 766 4771 semp
819 4658 1010 4757 et¹iumcutse
1052 4703 1161 4758 2illico
1179 4703 1248 4772 bpo
1300 4720 1369 4774 qnae
1379 4705 1427 4774 9¹,-

311 4808 404 4861 q3qnac
420 4789 450 4860 μ’
500 4793 563 4861 post
580 4806 681 4860 quaeq
723 4790 792 4846 aad
811 4807 839 4844 sc
856 4791 960 4860 ipsosc
1003 4793 1150 4846 iuinxitc
1192 4792 1284 4847 8ldcc
1301 4796 1425 4863 antemp

311 4878 486 4933 itenendnm
506 4878 521 4932 b
526 4895 549 4947 p
587 4879 635 4973 ‘10
653 4879 742 4933 omnia
758 4894 870 4973 possea
923 4879 1129 4934 lanionibus
1186 4879 1220 4934 14
1237 4883 1300 4934 suut
1316 4880 1426 4952 nussay

312 5001 486 5057 liaciano¹
540 4977 946 5071 l'l'qnaestnncrpquodff
1009 5003 1427 5074 l8necppaqnecbeqfv

313 5091 345 5145 19
362 5089 468 5143 lincam.
487 5088 536 5143 e¹o
613 5090 648 5143 20
665 5089 792 5159 plantant
811 5094 836 5142 et
852 5090 892 5142 sic
908 5092 949 5141 27
965 5089 989 5142 e¹
1059 5090 1093 5144 25
1111 5085 1223 5159 liguram
1241 5106 1392 5161 corpoream
1412 5110 1427 5147 e

311 5178 346 5231 26
364 5176 480 5248 quidem]
499 5181 623 5245 tamenp
676 5177 710 5231 28
729 5177 837 5244 uclutp
889 5177 923 5231 29
941 5176 1018 5231 homo
1037 5193 1129 5231 osseo
