3217 6325
222 1293 289 1360 404
559 1289 586 1343 S.
613 1287 767 1341 Aurelii
794 1287 1011 1356 Augustini

223 1486 337 1560 oleum,
360 1485 397 1549 ad
422 1484 517 1549 alium
542 1483 649 1559 siluas,
677 1481 715 1545 ad
738 1482 833 1546 alium
857 1501 1011 1556 nummos,
1040 1480 1078 1545 ad
1101 1480 1198 1544 alium
1221 1478 1352 1562 nauiga-

223 1592 350 1667 tionem,
382 1590 421 1655 ad
452 1590 547 1654 alium
577 1589 660 1653 bella
691 1588 792 1670 adque
820 1589 977 1664 uictorias,
1008 1587 1047 1651 ad
1075 1586 1172 1651 alium
1195 1586 1352 1669 coniugia,

223 1698 262 1761 ad
293 1696 389 1762 alium
421 1699 545 1779 partum
576 1713 612 1759 ac
642 1694 863 1758 fecunditatem
895 1697 928 1758 et
958 1692 996 1757 ad
1029 1693 1108 1757 alios
1140 1693 1203 1757 alia
1230 1698 1351 1763 cetera:

224 1803 369 1868 caelestis
399 1806 504 1867 autem
536 1800 648 1865 ciuitas
680 1819 750 1864 eum
786 1819 883 1863 unum
914 1798 1015 1863 Deum
1048 1799 1150 1865 solum
1182 1796 1351 1863 colendum

224 1913 333 1975 nosset
362 1908 452 1991 eique
482 1910 604 1972 tantum
635 1906 726 1971 modo
759 1904 956 1969 seruiendum
989 1904 1143 1969 seruitute
1172 1903 1238 1979 illa,
1272 1922 1353 1986 quae
1381 1926 1394 1964 s

226 2015 343 2081 Graece
369 2012 490 2096 λατρεία
513 2013 627 2077 dicitur
649 2016 681 2076 et
703 2031 763 2076 non
786 2012 846 2076 nisi
868 2012 936 2076 Deo
960 2010 1099 2088 debetur,
1126 2010 1211 2075 fidoli
1233 2008 1353 2093 pietate

226 2126 379 2187 censeret:
406 2121 524 2185 iactum
547 2122 605 2194 ost,
628 2123 663 2184 nt
684 2117 846 2203 religionis
868 2120 955 2202 leges
983 2138 1053 2182 cum
1076 2122 1199 2182 terrena
1222 2117 1354 2181 ciuitate

226 2247 286 2293 non
318 2231 426 2310 posset
460 2225 573 2290 habere
605 2243 784 2291 communes
821 2243 938 2308 proque
970 2224 1018 2287 his
1050 2224 1088 2288 ab
1121 2243 1158 2287 ea
1187 2222 1354 2287 dissentire

225 2333 353 2399 haberet
379 2351 505 2397 neeesse
528 2332 628 2415 adque
651 2333 734 2396 oneri
762 2349 832 2395 esse
855 2330 978 2394 diuersa
1000 2329 1208 2393 sentientibus
1231 2348 1354 2393 eorum-

228 2459 287 2522 que
322 2439 384 2502 iras
421 2442 452 2502 et
493 2438 563 2502 odia
596 2441 628 2501 et
658 2436 908 2520 persecutionum
939 2436 1064 2518 inpetus
1095 2436 1258 2510 sustinere,
1291 2434 1398 2500 nisio

228 2565 299 2609 cum
321 2544 440 2608 animos
463 2544 695 2608 aduersantium
718 2542 882 2624 aliquando
904 2545 1021 2606 terrore
1045 2560 1119 2606 suae
1138 2540 1355 2606 multitudiuis

228 2657 260 2715 et
292 2669 412 2732 semper
443 2649 548 2714 diuino
580 2650 731 2714 adiutorio
759 2649 965 2731 propulsaret,
996 2648 1082 2713 Haec
1111 2666 1184 2731 ergo
1208 2647 1355 2711 caelestis

229 2757 342 2821 ciuitas
366 2756 440 2820 dum
462 2756 676 2838 peregrinatur
696 2755 727 2818 in
750 2759 842 2831 terra,
870 2774 906 2818 ex
929 2753 1073 2818 omnibus
1097 2753 1243 2837 gentibus
1267 2752 1355 2818 ciues

230 2866 340 2926 euocat
357 2860 457 2942 adque
471 2860 502 2924 in
517 2861 660 2925 omnibus
674 2860 791 2943 linguis
809 2860 999 2943 peregrinam
1019 2858 1142 2942 colligit
1158 2860 1355 2938 societatem,

229 2968 290 3032 non
322 2985 431 3032 curans
463 2965 614 3048 quidquid
640 2967 671 3029 in
699 2966 838 3031 moribus
861 2966 985 3050 legibus
1012 2964 1229 3047 institutisque
1252 2964 1355 3029 diuer·
1374 2986 1400 3027 re

231 3092 302 3146 sum
325 3076 383 3148 est,
407 3072 520 3153 quibus
543 3090 600 3154 par
623 3076 742 3136 terrena
764 3072 817 3135 uel
839 3071 1032 3153 conquiritur
1048 3071 1101 3135 nel
1118 3074 1251 3146 tenetur,
1274 3071 1355 3135 nihil

231 3199 337 3244 eornm
377 3178 553 3243 rescindens
593 3179 645 3242 uel
682 3179 855 3254 destruens,
891 3179 987 3244 immo
1023 3178 1116 3242 etiam
1153 3196 1280 3242 seruans
1316 3196 1355 3241 ao

232 3303 375 3367 sequens,
398 3284 577 3366 quodlicet
599 3284 757 3347 diuersum
780 3283 811 3348 in
835 3283 969 3348 diuersis
990 3284 1178 3361 nationum,
1197 3284 1236 3347 ad
1255 3303 1352 3348 unum

231 3397 335 3454 tamen
362 3389 553 3471 eundemque
581 3389 673 3453 finem
700 3393 838 3454 terrenae
865 3390 950 3472 pacis
976 3390 1156 3466 intenditur,
1180 3390 1208 3453 si
1229 3390 1354 3473 religio

233 3513 314 3574 nem,
346 3514 407 3577 qua
438 3514 519 3559 unus
552 3514 695 3559 summus
729 3500 761 3559 et
792 3514 886 3559 uerus
914 3496 1000 3560 Deus
1033 3496 1180 3560 colendus
1213 3495 1353 3572 docetur,
1371 3518 1399 3558 ao

234 3621 293 3666 non
324 3600 451 3683 inpedit.
483 3601 590 3666 Utitur
620 3620 693 3685 ergo
725 3601 819 3665 etiam
847 3601 991 3666 caelestis
1019 3603 1131 3667 ciuitas
1159 3603 1190 3666 in
1215 3602 1273 3666 hac
1297 3621 1357 3666 sua

235 3707 477 3791 peregrinatione
499 3727 574 3789 pace
596 3711 716 3772 terrena
734 3713 765 3772 et
788 3708 935 3772 derebus
955 3708 993 3773 ad
1011 3710 1174 3773 mortalem
1192 3708 1355 3772 homiuum

234 3820 374 3879 naturam
398 3815 623 3896 pertinentibus
645 3814 849 3879 humanarum
877 3815 1074 3879 uoluntatum
1098 3815 1356 3897 conpositionem,

236 3923 384 4003 qnantum
416 3921 504 3984 salua
533 3921 648 4002 pietate
675 3939 711 3985 ac
732 3920 880 4003 religione
908 3920 1096 3997 conceditur,
1124 3925 1229 3985 tuetur
1254 3921 1356 4003 adque

236 4024 355 4107 adpetit
384 4043 513 4106 eamque
542 4029 692 4090 terronam
723 4044 831 4108 pacem
856 4025 950 4090 refert
976 4026 1014 4090 ad
1041 4027 1207 4092 caelestem
1236 4045 1356 4108 pacem,
1372 4044 1400 4087 ι

237 4150 315 4213 quae
341 4149 414 4195 uere
441 4130 485 4194 ita
512 4137 650 4213 parcet,
678 4134 714 4195 ut
736 4131 895 4196 rationalis
922 4132 1083 4196 dumtaxat
1108 4137 1267 4196 creatorae
1290 4132 1358 4196 sola

238 4256 296 4320 pax
318 4235 458 4300 habenda
484 4236 584 4318 adque
606 4236 735 4301 dicenda
758 4238 810 4312 sit,
838 4237 1067 4303 ordinatissima
1088 4238 1211 4303 scilicet
1232 4242 1265 4303 et
1287 4257 1358 4301 con-

239 4341 420 4406 cordissima
442 4342 574 4406 societas
596 4343 714 4407 fruendi
738 4343 802 4407 Deo
827 4340 858 4407 el
879 4344 1013 4408 inuicem
1037 4344 1067 4406 in
1090 4345 1169 4417 Doo;
1200 4364 1260 4425 quo
1285 4364 1357 4408 oum

239 4452 366 4528 uentum
390 4447 459 4524 erit,
481 4468 540 4513 non
564 4449 622 4513 erit
643 4449 710 4514 uita
732 4449 882 4528 mortalis,
906 4450 960 4514 sed
978 4452 1068 4514 olane
1086 4455 1230 4532 certeque
1251 4451 1359 4515 uitalis

276 4689 292 4738 4
316 4700 373 4739 cum
396 4703 431 4754 p,·
455 4702 504 4740 orm
528 4687 585 4741 rell.
607 4704 623 4741 o
645 4688 750 4752 Domo..
773 4689 821 4743 aeri
843 4689 882 4742 ad
903 4690 1079 4760 operiendam
1100 4692 1183 4745 nimie
1200 4692 1359 4760 irrrpeditcm

241 4776 463 4829 constructionem
479 4777 658 4830 mensorium
675 4777 801 4866 uidetur·
871 4775 984 4832 diatiia
1000 4795 1061 4835 mes.
1150 4779 1304 4833 iconleret
1320 4779 1362 4846 e¹,·

243 4854 360 4943 conielct
377 4889 403 4944 e²
488 4873 628 4954 8lrabere,
645 4893 676 4946 iu
693 4909 776 4962 marc.
790 4873 932 4957 'deberem
1017 4895 1050 4948 10
1068 4901 1095 4947 et
1114 4901 1177 4948 cote
1195 4896 1257 4949 odia
1274 4911 1360 4948 osae

243 4982 270 5030 et
289 4983 352 5030 uate
369 4983 518 5048 persequut.
538 4997 624 5050 orm
678 4981 710 5033 14
728 4985 868 5044 etuocate
931 4983 962 5037 li
981 4983 1025 5036 uel
1044 4982 1123 5036 destr.
1145 4983 1230 5047 (distr.
1248 4997 1274 5051 p)
1293 4982 1360 5052 ppl

246 5064 355 5132 Donrb.;
371 5083 420 5120 uec
438 5066 518 5121 destr.
538 5068 631 5137 adep
642 5085 682 5122 aa
717 5070 750 5122 26
770 5076 811 5124 eet
828 5072 867 5124 ita
885 5087 935 5140 pur
950 5088 968 5140 p
1003 5071 1037 5124 29
1056 5071 1107 5124 erit
1120 5073 1135 5125 b
1146 5069 1234 5140 eppl
1248 5072 1361 5138 Domb.;

243 5153 324 5206 luerit
343 5170 437 5223 apuu
506 5156 619 5226 plenep
