3217 6325
223 1347 292 1418 m
565 1341 593 1395 S.
620 1340 774 1395 Aurelii
800 1337 1014 1407 Augustini

663 1530 798 1597 CAPUT
822 1530 922 1593 XXII.

226 1672 340 1757 *iani
371 1693 414 1740 eo
447 1677 628 1753 tempore
655 1670 775 1733 Roma
801 1667 858 1732 sit
884 1666 1058 1741 condita,
1086 1686 1161 1749 quo
1189 1687 1362 1751 regnum

226 1781 488 1866 Assyriorum
520 1774 738 1840 intercidit
768 1777 808 1836 et
839 1791 914 1854 quo
941 1772 1136 1837 Ezechias
1162 1774 1363 1856 regnabat

708 1880 748 1942 in
770 1877 877 1942 luds„

272 2025 322 2091 Ne
352 2023 464 2088 multis
495 2025 607 2092 morer.
635 2018 760 2084 condita
790 2022 841 2082 est
871 2018 986 2081 ciuitas
1008 2017 1109 2081 Roma
1140 2020 1232 2083 uelut
1263 2020 1364 2084 altera
1393 2037 1407 2076 a

229 2131 371 2215 Babylon
394 2133 427 2193 et
449 2128 540 2192 uelut
556 2126 669 2209 prieris
685 2124 752 2187 tilis
767 2123 950 2205 Babylonis,
968 2142 1025 2205 per
1041 2142 1137 2204 quam
1154 2123 1222 2189 Dec
1240 2125 1365 2207 placuit

230 2236 339 2303 ntem
361 2233 519 2298 debellare
540 2237 691 2295 terraram
714 2232 747 2292 et
767 2230 801 2292 in
823 2248 919 2292 anam
941 2229 1127 2293 societatem
1149 2228 1364 2312 reipublicae

230 2343 402 2425 legemque
427 2337 612 2421 perductam
639 2336 732 2418 lenge
757 2333 882 2415 lateque
909 2352 1029 2414 pacare.
1054 2333 1153 2397 Erant
1183 2335 1267 2399 e’nirn
1299 2336 1363 2401 iam

231 2445 343 2530 pepuli
365 2441 464 2507 ualidi
487 2444 519 2504 et
541 2441 641 2504 farta
660 2444 693 2503 et
714 2440 810 2502 ermis
836 2445 947 2522 gantas
974 2441 1172 2515 exercitatae,
1196 2460 1278 2522 qnae
1301 2460 1363 2506 ren

232 2550 328 2616 facile
358 2546 513 2618 merent,
546 2550 579 2608 et
611 2564 690 2627 qnae
720 2562 800 2626 epra
831 2551 916 2609 esset
945 2546 1128 2629 ingentibus
1158 2546 1309 2629 periculis
1332 2551 1365 2612 et
1383 2566 1409 2608 aa

233 2653 411 2719 castaneae
429 2651 587 2732 utrinqne
604 2670 666 2714 aar
683 2668 780 2733 parua
797 2649 900 2731 adque
917 2651 1070 2716 tenende
1086 2651 1194 2715 labore
1213 2652 1364 2735 superari.

233 2757 317 2825 Nam
348 2756 472 2838 quaa&
501 2774 633 2840 regrum
662 2755 864 2837 Assyriorum
894 2761 994 2821 tetam
1025 2776 1121 2839 paene
1148 2758 1257 2821 Asiam
1290 2757 1364 2821 aab·

233 2859 369 2944 ingenit„
391 2859 467 2927 licet
489 2860 633 2927 tellude
655 2862 698 2926 sit
719 2860 851 2935 factam,
873 2882 934 2927 ren
955 2867 1060 2927 tamen
1082 2863 1220 2927 maltum
1242 2863 1363 2944 ceperis

234 2968 268 3031 et
291 2961 475 3033 anestia
492 2967 587 3032 tellis
606 2968 675 3033 teri
695 2967 812 3051 patuit.
834 2969 908 3050 qnia
928 2967 1023 3032 rudes
1039 2967 1142 3033 adhuc
1160 2968 1199 3031 ad
1216 2968 1364 3039 resisten-

235 3066 314 3133 ena
344 3075 456 3150 arentes
487 3081 574 3139 erut
604 3094 663 3140 ree
688 3078 753 3138 tm
779 3075 900 3137 mattae
926 3074 980 3137 nel
1003 3092 1145 3157 magnac
1172 3072 1208 3137 Si
1234 3073 1363 3155 quidem
1382 3092 1408 3133 ra

235 3174 309 3259 pert
332 3171 412 3243 tuat
434 3181 604 3246 nariam
625 3181 728 3264 attare
748 3181 927 3244 maenia
948 3179 1114 3247 diluuium.
1137 3198 1209 3243 curn
1238 3180 1270 3244 in
1292 3198 1364 3245 arca

235 3276 307 3349 Nee
338 3284 410 3346 ecte
442 3287 502 3353 seii
528 3286 672 3353 tennes
699 3290 878 3351 mama
904 3286 976 3349 mi
1002 3305 1062 3350 rer
1092 3285 1192 3349 multo
1225 3285 1363 3367 amplius

235 3399 332 3469 quesn
358 3386 447 3456 atine
472 3394 669 3461 transierant
696 3393 818 3473 quando
845 3393 946 3457 Xrnas
971 3392 1079 3456 Asiam
1105 3394 1203 3454 totam
1235 3393 1365 3474 excepta

239 3485 330 3561 latia
352 3493 547 3582 satiagaait.
567 3498 667 3562 Benna
688 3517 764 3561 acro
786 3503 835 3561 tet
856 3504 967 3580 gentes
989 3494 1043 3584 [et]
1067 3494 1202 3560 Orientis
1224 3498 1258 3559 et
1275 3494 1365 3561 Occi·

236 3593 354 3669 cerata.
376 3617 454 3681 qaas
476 3603 607 3684 imperio
630 3602 768 3665 Romano
792 3601 935 3665 subditas
958 3603 1205 3678 semilateres
1229 3619 1267 3664 ea
1284 3601 1364 3664 cele
1381 3620 1408 3660 aa

235 3702 332 3773 ritate
363 3721 399 3768 ac
430 3706 582 3772 facilitate
613 3705 800 3787 perdomuit,
833 3707 981 3789 queniam
1010 3707 1160 3788 paulatim
1193 3705 1362 3770 crescendo

236 3805 386 3878 intactas
409 3828 461 3876 eas
484 3815 517 3876 et
533 3810 709 3886 bellicosas,
729 3829 853 3894 quaqua
871 3831 997 3877 uersam
1015 3812 1212 3888 dilatabatur,
1230 3811 1363 3875 inuenit.

239 3914 392 3995 Tempore
414 3914 521 3999 igitur,
540 3932 602 3996 qno
620 3913 718 3979 Reme
736 3915 861 3982 ecntlita
879 3921 938 3993 eat,
956 3919 1093 4001 populus
1110 3917 1207 3980 Israel
1227 3915 1365 3981 habebat

239 4023 272 4089 in
295 4019 377 4083 terra
398 4017 614 4103 promissionis
637 4037 732 4084 annea
761 4022 976 4106 septingentos
1004 4022 1109 4087 decem
1141 4024 1174 4085 et
1204 4025 1286 4086 octe.
1318 4021 1364 4085 Er

242 4123 357 4211 quibua
387 4122 501 4206 uiginti
532 4125 652 4206 septem
681 4123 836 4206 pertinent
861 4126 900 4190 ad
927 4127 1031 4192 Iesum
1059 4125 1157 4202 Naue,
1185 4124 1295 4190 deinde
1325 4124 1363 4188 ad
1382 4147 1407 4186 aa

242 4234 368 4313 tempus
390 4227 529 4293 iudicum
553 4227 680 4292 trecenti
704 4229 816 4312 uiginti
839 4251 962 4298 nouem.
994 4233 1038 4295 Er
1061 4250 1121 4313 qno
1145 4236 1249 4296 autem
1272 4249 1364 4314 reges

242 4335 288 4401 ibi
310 4352 380 4399 esse
403 4333 576 4416 coeperant,
600 4333 670 4398 anni
693 4338 781 4399 erant
803 4338 933 4400 trecenti
957 4337 1116 4420 sexaginta
1138 4335 1207 4401 duo.
1248 4336 1289 4398 nt
1311 4354 1364 4398 rer

243 4445 319 4509 tune
350 4442 416 4504 erat
446 4437 476 4503 in
508 4437 595 4517 Iuda,
623 4438 712 4504 cuius
740 4458 850 4505 nemen
880 4445 945 4505 erat
970 4442 1073 4505 Achae
1105 4443 1166 4516 uel,
1195 4440 1278 4505 sicut
1309 4440 1364 4504 alii

244 4546 422 4628 conpetant,
451 4542 505 4627 qni
532 4543 560 4609 ei
592 4545 746 4610 successit
772 4545 933 4622 Ezechias,
961 4565 1052 4628 quem
1084 4546 1208 4628 quidem
1241 4549 1365 4609 conant

244 4651 396 4734 optimum
420 4651 452 4714 et
472 4647 649 4733 piissimum
673 4669 775 4734 regem
793 4651 921 4716 Romuli
939 4671 1085 4734 regnasse
1107 4651 1309 4732 temporibus
1327 4651 1362 4715 In
1381 4679 1408 4718 aa

281 4855 474 4925 tregnsraitp
546 4855 574 4909 11
596 4872 720 4927 superare
739 4859 762 4910 e¹
836 4860 868 4913 15
887 4875 934 4912 nec
953 4863 1042 4912 tamen
1061 4874 1100 4925 cp
1188 4857 1231 4910 nel
1250 4873 1364 4927 magnae

245 4962 317 5007 maan
337 4943 380 4996 nel
398 4947 453 4996 tani
472 4956 616 5009 rriapnaen
675 4945 706 4999 te
725 4945 834 5014 illurnp
905 4946 1054 5002 siunins
1112 4945 1365 4997 remunerante

249 5036 280 5088 19
299 5036 326 5084 et
345 5037 409 5083 ante
427 5027 545 5083 Orientis
563 5046 612 5085 ean.
632 5047 694 5100 epp
765 5033 796 5085 21
819 5032 961 5086 crescendo
980 5033 1055 5086 codd.
1070 5037 1182 5099 practer
1200 5050 1222 5101 ρ,
1232 5048 1261 5098 υ,·
1279 5034 1365 5086 incre·

247 5118 344 5174 scendo
363 5137 377 5189 ρ
394 5115 491 5171 Desit.
544 5118 577 5173 et
596 5116 715 5188 deeirnp
767 5121 801 5173 st
819 5120 957 5189 hiesump
1013 5122 1047 5172 26
1065 5119 1104 5172 ibi
1120 5135 1230 5188 regest
1283 5121 1319 5173 28
1337 5120 1366 5173 in

248 5223 296 5232 u...
323 5207 362 5232 Ἡ..
392 5221 404 5232 ι
