3217 6325
297 1312 357 1376 116
633 1308 660 1364 S.
687 1307 841 1363 Aurelii
867 1308 1080 1377 Augustini

292 1502 510 1567 mutandarum
540 1522 641 1566 rerum
671 1507 720 1567 est
746 1502 941 1566 inmutabilis
968 1502 1058 1567 ratio.
1086 1502 1195 1585 Neque
1223 1503 1304 1567 enim
1334 1504 1417 1566 sicut

293 1608 460 1686 bominem,
484 1609 529 1673 ita
550 1609 650 1672 Deum
671 1609 855 1691 cuiusquam
874 1608 949 1673 facti
968 1609 1018 1672 sui
1036 1610 1183 1689 paenitet.
1203 1609 1291 1674 cuius
1311 1612 1360 1674 est
1378 1610 1415 1672 de

293 1715 437 1781 omnibus
469 1716 594 1780 omnino
626 1714 718 1779 rebus
746 1719 810 1778 tam
838 1713 897 1777 fisa
923 1715 1076 1778 sententia
1104 1734 1196 1797 quam
1224 1719 1308 1780 certa
1330 1735 1416 1798 prae-

293 1822 433 1885 scientia.
461 1820 521 1886 Sed
549 1822 576 1885 si
603 1839 663 1884 non
690 1824 798 1885 utatur
824 1821 980 1901 scriptura
1005 1820 1124 1884 talibus
1152 1821 1266 1897 uerbis,
1295 1840 1354 1884 non
1382 1839 1414 1884 se

294 1926 428 2009 quodam
460 1928 552 1992 modo
584 1925 768 1991 familiarius
800 1926 972 1989 insinuabit
1003 1927 1088 1990 omni
1115 1928 1220 2009 generi
1243 1926 1413 1997 hominum,
1446 1944 1459 1983 1

293 2032 408 2115 quibus
435 2035 508 2097 uult
534 2052 604 2096 esse
628 2032 817 2107 consultum,
842 2034 878 2095 ut
902 2035 933 2095 et
955 2035 1124 2114 perterreat
1146 2032 1360 2113 superbientes
1385 2037 1416 2095 et

292 2139 405 2204 excitet
421 2141 632 2223 neglegentes,
652 2142 684 2202 et
702 2144 843 2202 exerceat
860 2142 1042 2218 quaerentes
1061 2144 1093 2202 et
1106 2137 1170 2202 alat
1184 2139 1414 2222 intellegentes;

292 2244 375 2326 quod
397 2263 457 2309 non
479 2244 605 2321 faceret,
628 2244 656 2308 si
674 2262 734 2309 non
757 2262 791 2308 se
814 2242 902 2326 prius
925 2242 1089 2307 inclinaret
1111 2246 1143 2307 et
1165 2243 1297 2324 quedam
1322 2243 1414 2308 modo

292 2349 491 2415 descenderet
513 2350 552 2415 ad
573 2351 721 2414 iacentes.
746 2345 837 2427 Quod
855 2351 960 2412 autem
980 2348 1072 2412 etiam
1096 2348 1255 2413 interitum
1275 2348 1413 2412 omnium

292 2456 472 2521 animalium
495 2459 686 2521 terrenorum
709 2455 949 2537 uolatiliumque
968 2454 1144 2519 denuntiat:
1168 2454 1413 2537 magnitudinem
1435 2478 1458 2513 ro

292 2562 413 2627 futurae
445 2562 542 2627 cladis
575 2563 695 2639 effatur,
732 2580 792 2625 non
825 2560 1035 2625 animantibus
1067 2560 1195 2626 rationis
1228 2560 1413 2643 expertibus,

292 2672 451 2751 tamquam
476 2672 507 2733 et
529 2669 599 2751 ipsa
620 2667 827 2751 peccauerint,
850 2667 986 2731 minatur
1008 2668 1146 2731 exitium.

718 2875 852 2942 CAPUT
875 2874 988 2939 XXVI.

293 3019 403 3100 Quod
432 3038 531 3095 arca,
560 3038 671 3102 quam
700 3016 780 3082 Noe
809 3018 947 3081 iussus
975 3020 1037 3082 est
1064 3018 1207 3091 facere,
1235 3017 1272 3080 in
1297 3017 1413 3081 omni·

417 3126 488 3191 bus
513 3124 716 3195 Christum
741 3124 1038 3207 ecclesiamque
1062 3123 1283 3208 significet.
1429 3147 1454 3186 11

334 3269 399 3333 Iam
425 3287 498 3332 uero
522 3267 605 3349 quod
626 3267 694 3331 Noe
717 3267 836 3330 homini
858 3267 942 3330 iusto
965 3269 1006 3342 et,
1029 3267 1112 3330 sicut
1130 3265 1167 3330 de
1185 3266 1240 3330 illo
1260 3267 1413 3349 scriptura

291 3374 429 3440 ueridica
462 3373 610 3455 loquitur,
645 3372 675 3436 in
713 3390 770 3436 sna
801 3372 997 3455 generatione
1029 3372 1165 3454 perfecto
1198 3371 1271 3457 (non
1303 3373 1411 3454 utique

292 3481 375 3546 sicut
396 3478 573 3563 perficiendi
596 3483 670 3544 sunt
693 3477 777 3542 ciues
801 3477 940 3542 ciuitatis
964 3477 1021 3542 Dei
1048 3478 1078 3542 in
1101 3478 1158 3542 illa
1178 3478 1411 3554 inmortalitate,

291 3607 353 3671 qua
379 3584 594 3669 aequabuntur
620 3585 739 3669 angelis
767 3583 835 3660 Dei,
863 3583 918 3648 sed
941 3583 1023 3648 sicut
1050 3601 1119 3649 esse
1145 3588 1278 3668 possunt
1299 3586 1331 3649 in
1353 3584 1412 3648 hac

290 3691 535 3777 peregrinatione
555 3690 699 3774 perfecti)
721 3689 855 3773 imperat
877 3689 973 3768 Deus,
996 3694 1032 3755 ut
1054 3708 1155 3754 aream
1179 3690 1282 3770 faciat,
1300 3690 1333 3754 in
1351 3708 1412 3772 qua
1429 3716 1455 3754 so

291 3817 363 3864 cum
386 3798 462 3874 suis,
489 3797 522 3862 id
545 3800 595 3861 est
615 3815 718 3873 uxore,
747 3795 819 3860 filiis
844 3800 876 3860 et
897 3796 1038 3874 nuribus,
1062 3799 1094 3860 et
1120 3815 1191 3861 oum
1214 3796 1410 3871 animalibus,

291 3923 370 3989 quae
392 3903 432 3967 ad
449 3903 539 3968 illum
558 3922 593 3967 ex
611 3902 669 3968 Dei
687 3906 852 3985 praecepto
870 3903 900 3966 in
920 3921 1021 3966 arcam
1040 3903 1181 3986 ingressa
1199 3905 1274 3967 sunt
1300 3899 1410 3966 libera-

290 4012 411 4075 return
429 4008 542 4073 diluuii
560 4009 721 4073 uastitate:
746 4009 855 4091 procul
878 4007 972 4072 dubio
995 4007 1095 4090 figura
1117 4011 1167 4073 est
1183 4007 1409 4090 peregrinantis

290 4118 321 4183 in
345 4117 404 4181 boo
427 4115 551 4182 saeculo
576 4114 713 4179 ciuitatis
733 4114 801 4190 Dei,
825 4114 884 4178 boe
907 4116 957 4178 est
980 4114 1141 4189 ecclesiae,
1164 4132 1241 4196 quae
1263 4113 1300 4179 fit
1322 4114 1410 4178 salua

291 4242 346 4307 per
366 4223 497 4306 lignum,
520 4222 551 4284 in
576 4240 636 4303 quo
658 4220 805 4303 pependit
822 4219 973 4285 mediator
991 4220 1050 4284 Dei
1073 4224 1105 4284 et
1123 4220 1293 4297 bominum,
1317 4220 1408 4285 homo
1428 4245 1453 4284 11

291 4328 434 4396 Christus
457 4328 558 4392 Iesus.
582 4327 661 4391 Nam
685 4329 716 4391 et
737 4345 900 4391 mensurae
922 4327 1008 4409 ipsae
1030 4326 1235 4409 longitudinis
1254 4329 1286 4390 et
1304 4325 1409 4389 altitu-

291 4433 371 4501 dinis
394 4439 426 4499 et
447 4433 622 4499 latitudinis
646 4433 714 4499 eius
737 4432 913 4516 significant
936 4451 1047 4515 corpus
1065 4432 1246 4510 humanum,
1265 4434 1295 4496 in
1319 4433 1408 4496 cuius

379 4677 410 4730 17
430 4675 575 4738 (111119
628 4676 662 4730 25
683 4675 870 4736 1111115

326 4803 341 4856 6
360 4800 419 4854 1111
436 4817 486 4855 om.
505 4815 519 4854 1
587 4802 735 4868 perterreat
752 4798 809 4867 bp,·
826 4801 927 4894 terreat
944 4815 977 4865 n,·
993 4801 1143 4868 praetereat
1165 4798 1256 4867 Verp
1267 4817 1284 4848 α
1293 4803 1317 4865 f
1381 4801 1408 4850 et

292 4923 611 4994 111111131111111111
655 4922 819 4978 81111111
865 4922 898 4976 10
915 4921 1067 4975 animalium
1085 4925 1257 4987 terrenorum,
1274 4923 1306 4975 in
1323 4939 1407 4990 marg.

291 5013 437 5067 animarum
454 5015 658 5074 terrenarume
695 5012 724 5065 11
745 5009 926 5064 rationibnsc
962 5011 995 5064 14
1011 5010 1098 5064 iussus
1117 5015 1158 5063 est
1175 5026 1261 5078 noep
1300 5011 1332 5064 21
1348 5026 1408 5063 curn

291 5117 400 5155 uxeres
470 5103 498 5153 et
515 5099 577 5154 filiis
595 5116 631 5169 ep
702 5099 812 5153 nuribus
829 5099 927 5153 omisso
945 5101 1016 5162 etf
1096 5099 1129 5154 26
1147 5099 1265 5169 ipsinsb
1334 5098 1406 5168 long.

291 5187 397 5244 altitnd.
414 5187 616 5257 latitudinisque
633 5203 649 5241 1
702 5188 734 5241 27
755 5190 782 5240 11
798 5185 906 5242 latitud
921 5203 975 5242 1111.
990 5204 1011 5256 p
