3217 6325
222 1260 286 1325 564
563 1254 591 1309 S.
618 1254 770 1309 Aurelii
797 1253 1009 1323 Augustini

223 1452 391 1517 clamarent
412 1450 492 1515 illud
510 1449 540 1514 in
558 1450 695 1531 psalmo:
719 1446 832 1527 Quam
856 1448 972 1513 multu
992 1446 1197 1512 multitudo
1221 1446 1350 1509 dulce-

224 1558 324 1622 dinis
350 1561 445 1636 tuae,
468 1555 633 1633 Domine,
656 1568 760 1637 quam
789 1552 1022 1619 abscondisti
1048 1552 1275 1618 timentibus
1298 1555 1348 1627 te,

223 1662 419 1746 perfecisti
454 1666 576 1726 antem
613 1661 861 1743 sperantibus,
896 1679 956 1723 non
987 1659 1020 1724 iu
1052 1677 1096 1736 se,
1128 1659 1185 1724 sed
1219 1659 1258 1722 in
1294 1660 1346 1722 te!

224 1767 369 1834 Omnium
399 1768 505 1851 itaque
536 1767 700 1833 miseretur
730 1784 877 1831 uasomm
908 1764 1147 1832 misericordiae.
1180 1762 1265 1843 Quid
1296 1768 1349 1831 est

224 1875 383 1939 omnium?
405 1873 445 1939 dt
467 1891 574 1938 eorum
597 1872 720 1938 seilicet
742 1891 821 1955 quos
844 1892 879 1936 en
902 1872 1059 1957 gentibus,
1078 1874 1111 1937 et
1132 1889 1239 1937 eorum
1264 1886 1348 1953 quoe
1378 1886 1393 1929 s

225 2000 260 2044 en
281 1979 405 2046 Iudaeis
427 1978 673 2061 praedestinuuit
693 1976 831 2055 uocauit,
853 1976 1040 2044 iustificanit
1061 1976 1259 2063 glorificauit,
1282 1994 1347 2041 non

223 2087 383 2152 bominum
407 2085 555 2163 omnium,
574 2085 629 2150 sed
646 2085 777 2149 istorum
796 2085 936 2149 omnium
952 2101 1114 2149 nemmem
1126 2082 1345 2148 damnaturus.

658 2294 793 2360 CAPUT
815 2293 910 2359 XXV.

224 2435 275 2499 An
306 2434 352 2511 bi,
384 2434 446 2517 qui
476 2433 573 2499 inter
603 2434 813 2499 haereticos
845 2432 1027 2516 baptizati
1059 2435 1146 2498 sunt
1175 2436 1214 2498 et
1245 2432 1346 2497 dete

223 2540 339 2605 riores
375 2543 505 2623 postea
533 2539 627 2605 malo
658 2539 818 2605 uiuendo
851 2544 938 2604 sunt
968 2539 1070 2615 iacti,
1102 2539 1163 2605 uel
1193 2538 1241 2616 bi,
1279 2539 1393 2622 quir·

224 2649 313 2728 aput
348 2646 556 2711 catholicos
596 2646 715 2711 renati
751 2645 794 2711 ad
830 2647 1001 2711 haereses
1037 2648 1101 2712 ant
1138 2644 1345 2711 schismata

224 2752 463 2827 transierunt,
491 2752 552 2816 uel
575 2750 621 2826 lui,
645 2752 708 2834 qui
730 2771 749 2816 a
771 2751 971 2817 catholicis
994 2755 1084 2835 aput
1106 2769 1198 2834 quos
1221 2750 1345 2815 renati

222 2862 309 2925 sunt
343 2876 410 2925 non
443 2858 658 2939 recedentes
690 2857 888 2925 criminose
919 2858 1049 2923 uiuere
1079 2857 1345 2941 perstiterunt,

224 2961 1344 3048 possintpriuilegiosacramentorumremissionemaeterni

603 3089 750 3152 sperare
773 3069 962 3154 supplicii.
1363 3092 1390 3131 rs

269 3209 329 3276 Sed
356 3212 419 3276 iam
444 3211 686 3293 respondeamus
713 3211 808 3276 etium
830 3211 905 3289 illis,
933 3212 1070 3294 quinon
1093 3211 1196 3279 solnm
1218 3210 1344 3278 diabolo

224 3320 257 3381 et
282 3317 400 3401 angelis
427 3317 505 3390 eius,
533 3316 616 3380 sicut
637 3335 693 3381 nec
718 3316 784 3394 isti,
812 3317 867 3381 sed
889 3336 926 3382 ns
948 3317 1026 3399 ipsis
1050 3316 1176 3401 quidem
1198 3317 1344 3383 omnibus

224 3422 400 3486 homiuibus
430 3421 643 3487 liberationem
676 3421 714 3486 ab
747 3426 870 3487 aeterno
889 3423 973 3511 ‚igne
1004 3423 1201 3508 promittunt,
1232 3411 1344 3489 uerum

224 3527 269 3592 eis
291 3532 424 3606 tantum,
451 3528 506 3610 qui
528 3526 644 3592 Christi
667 3527 856 3610 baptismate
883 3528 982 3593 abluti
1004 3532 1037 3593 et
1059 3529 1195 3612 corporis
1218 3529 1288 3595 eius
1312 3533 1345 3596 et

224 3633 384 3717 sanguinis
406 3631 572 3716 participes
595 3633 670 3699 facti
693 3637 776 3712 sunt,
796 3635 1030 3716 quomodolibet
1050 3635 1192 3711 uiuerint,
1214 3634 1246 3700 in
1269 3654 1344 3718 qua·
1362 3653 1390 3694 s·

225 3757 357 3821 cumque
393 3738 512 3804 haeresi
548 3739 600 3804 uel
635 3739 783 3822 inpietate
819 3740 945 3805 fuerint.
981 3738 1043 3805 Sed
1078 3739 1264 3807 contradicit
1298 3742 1344 3806 eis

223 3845 396 3928 apostolus
417 3841 535 3909 dicens:
568 3845 766 3910 Manifesta
797 3850 918 3910 autem
951 3849 1037 3911 sunt
1070 3864 1178 3930 opera
1207 3847 1342 3923 earnis,

224 3969 315 4032 quae
343 3952 430 4014 sunt
455 3949 665 4030 fornicatio,
701 3950 934 4029 inmunditia,
968 3951 1124 4030 luxuria,
1155 3950 1342 4019 idolorum

130 4102 134 4109 -
225 4055 399 4133 seruitus,
431 4056 628 4131 ueneficio,
659 4056 894 4136 inimicitiae,
926 4047 1196 4136 contentiones,
1228 4076 1343 4125 eemu-

223 4160 396 4240 lationes,
429 4161 698 4242 animositates,
731 4161 995 4241 dissensiones,
1031 4162 1215 4241 haereses,
1251 4163 1388 4229 inni-ns

310 4473 326 4554 l
345 4471 390 4526 Pa.
409 4473 451 4534 80,
470 4473 504 4527 20
557 4473 592 4527 22
611 4472 669 4528 Gal.
688 4474 713 4536 5,
734 4474 766 4527 19
784 4491 842 4545 sqq.

262 4648 399 4716 lmagna,
417 4648 449 4700 iss
466 4665 549 4718 marp.
567 4650 693 4712 multae
732 4649 948 4704 2metnentibue
966 4667 1006 4703 en
1044 4650 1121 4703 test
1139 4649 1224 4706 emb
1265 4652 1343 4722 ben]

223 4733 287 4798 ,etb
358 4741 385 4789 et
403 4736 530 4790 borumb
610 4739 673 4792 bet
690 4738 832 4792 uocauitb
903 4726 1012 4808 glutitio.
1031 4738 1116 4792 eceb
1191 4739 1344 4793 ‘Iomnium

225 4820 449 4878 homiuumubv
511 4823 676 4895 9Anipf
736 4824 1160 4896 10suutfectipf;s.s.pqc
1227 4827 1345 4897 llaput

226 4925 276 4962 om.
293 4910 336 4979 pf
436 4913 563 4967 scismata
579 4913 623 4983 pf
713 4915 744 4968 14
763 4915 906 4983 attenuas
992 4917 1022 4969 15
1041 4915 1165 4986 supplicii
1183 4919 1344 4986 sqipenrep

229 5032 260 5085 16
279 5001 368 5099 soloe
419 5036 454 5090 28
472 5036 632 5106 luxoriae·
669 5039 702 5093 24
721 5039 911 5093 aemulationes
927 5057 958 5109 p,·
976 5056 1058 5093 orme
1109 5041 1143 5094 25
1161 5038 1344 5095 dissenciones

226 5118 265 5182 0¹,-
284 5118 495 5193 discensionesp
