3217 6325
287 1242 351 1308 478
623 1236 650 1291 fl.
676 1235 831 1290 Aurelii
857 1235 1070 1307 Augustini

285 1433 369 1497 idem
395 1432 463 1515 ipre
490 1430 651 1514 apostolus
680 1430 877 1512 apertissimo
903 1429 990 1500 dicit
1017 1431 1049 1496 in
1075 1431 1140 1496 ietu
1164 1433 1247 1498 oouli
1269 1433 1410 1500 futurem

286 1537 541 1604 resurrectionem
566 1540 598 1601 et
619 1536 651 1601 in
673 1537 813 1601 membre
834 1536 901 1600 eine
924 1536 983 1601 fine
1005 1537 1128 1603 uiotnre
1148 1541 1235 1602 iente
1256 1539 1410 1605 facilitate

285 1648 413 1725 mmque
448 1642 668 1707 inaestimabili
706 1642 874 1707 uelocitate
909 1638 1079 1708 rediturum
1118 1646 1409 1727 antiquissimorum

288 1749 473 1815 orianorum
509 1750 690 1832 puluerem?
724 1748 791 1813 Neo
827 1748 865 1813 eb
902 1749 957 1813 ille
994 1751 1156 1825 sententie
1193 1771 1254 1834 que
1290 1754 1409 1819 homini

288 1856 407 1921 dietum
427 1857 489 1919 eet:
507 1854 616 1919 Terre
639 1873 677 1918 eo
701 1858 737 1919 ot
757 1854 794 1919 in
817 1858 949 1918 terrum
972 1855 1057 1932 ibis,
1079 1856 1203 1922 futuroe
1224 1858 1297 1922 iilos
1321 1878 1409 1924 erne·
1437 1883 1452 1923 e

289 1968 341 2028 toe
372 1961 555 2026 arbitremur
576 1959 729 2034 inmunes,
753 1961 908 2025 nieorum
932 1962 1130 2027 morientium
1150 1962 1182 2026 in
1204 1968 1319 2029 terrem
1345 1984 1407 2031 nou

288 2066 427 2134 recident
453 2084 588 2148 torpore,
620 2065 686 2147 sed,
718 2066 802 2130 siout
826 2066 857 2129 in
884 2066 953 2150 ipeo
980 2072 1071 2149 raptui
1097 2069 1278 2147 morientur,
1303 2070 1349 2134 ite
1377 2079 1409 2136 et

290 2176 461 2259 resurgent
489 2171 562 2236 dum
585 2172 721 2236 ferentur
741 2172 772 2236 in
796 2191 875 2237 aere
901 2173 939 2237 In
967 2175 1101 2238 terrum
1124 2174 1239 2258 quippe
1261 2176 1336 2241 ibie
1359 2182 1409 2241 eet

290 2281 332 2345 ‘in
354 2279 413 2343 hoo
434 2273 494 2343 ibie
517 2278 633 2343 emisse
654 2279 731 2358 uite,
752 2278 835 2360 quod
857 2298 925 2343 erue
943 2282 1108 2361 entequem
1125 2298 1266 2345 eumereo
1283 2282 1406 2349 uitem’:

289 2386 323 2452 id
350 2388 409 2463 est,
439 2383 499 2449 hoo
525 2384 586 2448 erio
613 2383 815 2460 exanimetur,
842 2384 924 2468 qnod
951 2403 1019 2449 erne
1046 2388 1209 2468 antequem
1236 2405 1323 2452 eseee
1345 2389 1408 2453 eni·
1425 2412 1453 2452 m

291 2495 395 2557 metue
417 2489 529 2571 (terroe
551 2489 666 2572 quippe
687 2489 860 2555 insufflanit
881 2491 966 2555 Deue
989 2490 1019 2553 in
1043 2489 1153 2555 furiem
1180 2489 1289 2556 fletum
1311 2495 1407 2564 uitae.

291 2616 364 2663 oum
386 2596 489 2661 inetur
511 2598 561 2658 eet
581 2594 674 2660 homo
696 2594 728 2659 in
750 2595 883 2659 animem
906 2595 1039 2680 uiurm);
1063 2599 1221 2679 tamquem
1240 2598 1407 2665 diceretur:

291 2703 395 2768 “Perre
421 2719 454 2766 ee
481 2700 626 2775 enimete,
653 2700 735 2783 quod
757 2719 921 2778 nonerue3
948 2705 1029 2767 terre
1056 2702 1117 2766 erio
1139 2704 1298 2781 exanimis,
1325 2706 1409 2771 siout
1520 2703 1522 2707 ’

291 2810 385 2885 eree’;
414 2807 497 2891 quod
519 2809 594 2872 eunt
615 2810 647 2871 et
668 2809 831 2889 antequem
855 2813 1035 2891 putrescent
1056 2808 1159 2873 omniu
1180 2828 1309 2892 corpore
1328 2832 1409 2877 mor·

293 2918 433 2988 tuorumr
460 2913 543 2995 quod
565 2915 654 2978 emut
675 2917 708 2977 et
728 2912 792 2984 ille,
816 2913 844 2977 oi
865 2914 1044 2992 morientur,
1070 2914 1259 2999 ubicumque
1276 2918 1407 2982 moriun-
1426 2938 1453 2981 ιε

294 3022 356 3096 tur,
383 3037 455 3083 oum
480 3018 549 3083 uite
573 3017 730 3094 carebunt,
758 3036 850 3100 quum
877 3019 1022 3083 continno
1052 3025 1215 3104 receptura
1244 3026 1327 3089 eunt
1355 3021 1408 3089 Sic

296 3143 368 3210 ergo
398 3125 489 3190 ibunt
519 3124 550 3190 in
581 3127 702 3202 terrem,
731 3124 804 3206 quie
829 3142 865 3188 er
891 3124 974 3189 uiuie
1001 3123 1177 3192 hominibus
1204 3131 1408 3206 terraemot,

269 3252 272 3257 ¹
295 3250 386 3314 quem
410 3231 448 3295 ed
469 3230 596 3295 modum
618 3231 646 3295 it
665 3230 696 3295 in
719 3231 862 3308 cinerem,
886 3231 968 3313 quod
991 3231 1027 3296 fit
1049 3232 1140 3304 cinis:
1168 3233 1194 3297 it
1214 3235 1246 3298 iu
1269 3240 1406 3301 uetustu-

294 3341 370 3412 tem,
393 3335 476 3419 quod
498 3335 533 3400 iit
554 3340 661 3411 uotum
687 3336 714 3401 it
740 3337 771 3399 in
793 3339 918 3414 tortum,
946 3336 1028 3418 quod
1050 3357 1086 3402 er
1107 3339 1174 3403 luto
1196 3339 1233 3404 iit
1253 3343 1350 3414 terte
1377 3346 1408 3406 et

297 3441 358 3507 ulie
387 3449 529 3507 eesoente
558 3443 603 3507 eie
633 3442 799 3524 loquimur.
831 3439 899 3520 Quo
931 3442 1022 3508 modo
1054 3446 1158 3508 eutem
1187 3445 1231 3510 eit
1255 3446 1453 3518 futurumne

299 3546 381 3631 quod
406 3566 487 3612 nuno
513 3566 568 3631 pro
594 3550 716 3612 noetree
742 3547 935 3612 ratiunculue
961 3547 1082 3614 uiribus
1104 3553 1274 3633 utcumque
1296 3552 1408 3616 eorici·

297 3671 378 3730 mus,
409 3657 483 3718 tuno
513 3653 573 3717 erit
601 3652 717 3737 potine,
752 3656 789 3718 ut
818 3671 911 3718 nosue
940 3655 1108 3736 poeuimue.
1138 3655 1407 3722 Resurrectionem

297 3759 412 3842 quippe
433 3762 624 3824 mortuorum
646 3758 780 3823 futurem
804 3758 888 3823 etin
911 3777 1010 3837 eume,
1034 3760 1155 3843 quondo
1174 3761 1317 3826 christus
1333 3782 1407 3826 uen-

298 3871 387 3929 turue
409 3869 460 3929 eet
480 3864 570 3928 uiuoe
593 3862 786 3929 iudicaturus
804 3867 836 3928 et
857 3869 1007 3938 mortuos,
1035 3869 1164 3949 oportet,
1191 3866 1219 3931 ei
1241 3865 1407 3933 Christiani

299 3988 367 4035 esee
394 3969 549 4045 uolumus,
575 3974 613 4034 ut
638 3969 815 4044 oredumne;
842 3969 978 4036 sednon
1004 3969 1074 4036 ideo
1101 3971 1139 4035 de
1165 3972 1222 4036 heo
1248 3991 1282 4036 re
1308 3973 1406 4038 iuenie
1424 3996 1452 4037 ee

298 4079 349 4140 eet
368 4074 444 4140 ideo
466 4078 580 4152 nostru,
603 4074 640 4151 ei,
664 4093 755 4157 quem
778 4074 817 4138 ed
839 4074 964 4139 modum
987 4075 1161 4151 intumuit,
1183 4078 1319 4159 perfeeto
1337 4097 1407 4143 oon·

298 4181 483 4265 prehendere
504 4201 564 4246 non
587 4182 738 4246 ualemus.

341 4287 456 4353 Verum
482 4288 554 4363 inm
582 4287 664 4352 siout
689 4283 804 4374 [supra]
831 4285 1039 4368 promisimus,
1067 4287 1104 4352 de
1126 4288 1185 4353 hoo
1211 4287 1326 4355 iudicio
1349 4289 1408 4354 Dei

298 4393 469 4459 nouieeimo
491 4393 586 4458 etiem
607 4392 779 4476 prophetici
797 4397 918 4458 ueteres
935 4392 1005 4457 libri
1025 4393 1098 4476 quid
1116 4395 1407 4476 praenuntieuerint,

387 4584 399 4637 l
422 4584 445 4637 l.
463 4581 521 4638 Gor.
542 4584 582 4650 15,
600 4583 634 4637 52
687 4583 720 4637 28
740 4583 796 4640 o.4

333 4704 531 4776 eumquemq
566 4704 767 4772 ireoedentb;
785 4704 940 4774 recedente
991 4707 1165 4775 morientum
1199 4707 1407 4776 8reenrguntp

299 4791 419 4848 feruntur
437 4794 475 4848 be
530 4793 558 4848 in
577 4799 641 4848 onte
658 4810 720 4899 eeru¹
736 4810 821 4863 omo
880 4795 931 4863 eet]
951 4799 978 4847 et
997 4810 1025 4860 e,·
1041 4794 1068 4848 id
1088 4794 1162 4848 eetb
1217 4796 1245 4849 11
1267 4793 1408 4863 quideme

302 4909 334 4963 13
353 4910 536 4978 enimntunq
607 4911 769 4971 eremineee
832 4911 864 4964 16
883 4910 1040 4964 continuet
1110 4911 1165 4964 eie
1224 4910 1255 4964 18
1274 4925 1407 4978 quemam-

300 4995 439 5066 mooum9
492 4998 523 5051 18
537 5014 574 5065 oq.
590 4996 748 5051 io-id-id
764 5014 782 5066 9
833 4999 867 5051 23
886 4999 982 5068 quippe
1000 5014 1050 5055 om.
1069 4997 1098 5050 α’
1178 5001 1206 5050 et
1224 5013 1299 5063 mee.‚·
1317 5013 1408 5051 eeeeo

299 5121 335 5175 25
346 5099 390 5182 ut,
407 5120 438 5173 in
456 5137 536 5190 muro.
551 5095 591 5183 et,
610 5137 624 5176 e
675 5122 709 5176 26
728 5122 751 5174 ei
768 5120 874 5190 quidem
894 5120 1041 5174 emmodnm
1057 5138 1096 5190 9,
1127 5121 1161 5176 28
1179 5137 1258 5192 ruore
1276 5136 1326 5174 ore.
1342 5137 1407 5190 opp
