3217 6325
228 1260 293 1326 512
564 1258 591 1312 S.
618 1256 772 1312 Aurelii
798 1256 1012 1327 saguntini

227 1452 331 1517 rodere
362 1452 508 1517 uidentur
538 1454 571 1516 ot
602 1450 735 1516 salubris
767 1450 839 1517 fidei
871 1451 1060 1516 nutrimenta
1091 1452 1181 1517 uelut
1211 1450 1295 1517 falsa
1321 1456 1353 1516 ct

226 1558 353 1624 ridenda
371 1562 581 1623 contemnunt.
600 1556 663 1625 Oni
679 1577 754 1627 uero
772 1557 944 1624 secundnm
961 1559 1061 1623 Deum
1080 1559 1217 1641 sapiunt,
1238 1559 1352 1633 omnia,

227 1681 305 1747 qnae
346 1664 537 1729 incredibilia
576 1663 723 1729 uidentur
762 1658 940 1731 hominibus
980 1668 1012 1728 et
1046 1666 1151 1729 tamen
1187 1666 1352 1749 scripturis

227 1771 354 1852 sanctis,
379 1788 510 1847 ouarnm
536 1770 599 1835 iam
622 1770 739 1835 ueritas
762 1768 872 1835 multis
895 1770 997 1835 modis
1020 1771 1145 1836 adserta
1166 1775 1226 1848 est,
1255 1773 1352 1837 conli-

226 1882 349 1958 nentnr‚
374 1878 544 1942 maximnm
571 1880 789 1962 argumentum
816 1879 924 1941 tenent
950 1895 1092 1942 neronem
1120 1877 1181 1942 Dei
1212 1880 1389 1962 omnipo-s

226 1984 366 2061 tentiam,
399 2002 491 2066 quom
523 1986 642 2049 cerrum
673 1982 789 2047 babent
824 1982 909 2048 nullo
941 1982 1034 2048 modo
1070 1983 1102 2048 in
1133 1984 1178 2049 sis
1210 1985 1353 2068 potuisse

226 2090 350 2154 mentiri
372 2094 404 2155 ot
425 2108 518 2172 posse
540 2089 640 2154 facere
664 2088 748 2170 qnod
769 2088 953 2171 inpossibile
976 2093 1026 2154 est
1047 2089 1175 2155 infideli.

690 2283 892 2294 -----—··-—

657 2506 816 2571 LIBER
839 2506 923 2571 XXI.

698 2783 835 2863 CAPUT
856 2785 881 2849 Ι.

225 2924 277 2990 De
304 2925 430 2990 ordine
458 2924 742 3009 disputationis,
771 2945 842 3011 qua
872 2927 979 3009 prins
1007 2927 1269 2995 disserendum
1298 2934 1355 2996 est

228 3033 272 3096 de
295 3035 475 3117 perpetuo
496 3031 683 3115 supplicio
703 3031 958 3099 damnatorum
978 3052 1059 3098 cnm
1078 3033 1228 3101 diabolo
1248 3056 1353 3119 qnam

451 3136 493 3204 do
516 3141 667 3204 aeterna
688 3138 878 3204 felicitate
902 3143 1125 3209 sanctorum.

271 3280 350 3347 Cum
381 3299 436 3364 per
467 3280 626 3347 Obristnm
654 3279 825 3345 Dominum
852 3285 1007 3357 nostrum,
1039 3281 1176 3346 indicem
1207 3282 1355 3351 uiuorum
1372 3302 1395 3344 ιι

227 3386 328 3469 adque
354 3388 559 3462 mortuorum,
592 3384 631 3450 ad
663 3384 785 3450 debitos
812 3385 890 3450 fines
918 3385 1027 3450 ambae
1055 3388 1252 3468 pemeoerint
1279 3387 1355 3454 oini-

225 3495 318 3569 ates,
341 3509 472 3575 quarum
495 3495 545 3556 eet
566 3509 627 3555 nna
650 3491 718 3567 Dei,
742 3491 840 3557 altera
862 3491 989 3567 diaboli,
1013 3493 1104 3556 onins
1127 3494 1214 3558 modi
1236 3496 1355 3579 snppli-

226 3598 310 3663 cinm
341 3597 384 3663 sit
414 3596 557 3665 futurum
589 3596 705 3662 diaboli
732 3600 764 3662 et
791 3597 930 3663 omnium
956 3597 995 3662 ad
1024 3616 1097 3662 oum
1119 3599 1355 3682 pertinentium,

137 3764 140 3771 .
225 3704 255 3768 in
276 3703 339 3769 boc
360 3703 441 3769 libro
465 3703 566 3776 nobis,
591 3707 742 3785 qnantum
763 3723 820 3785 ope
839 3703 945 3767 diuina
963 3703 1151 3778 nalebimus,
1171 3706 1355 3790 diligentins

226 3808 449 3893 disputandum
477 3813 535 3873 est
564 3807 637 3872 Ideo
661 3812 767 3872 antem
790 3808 873 3873 bunc
896 3811 1000 3873 tenere
1020 3809 1158 3875 ordinem
1181 3812 1291 3891 malni,
1320 3819 1356 3878 nt
1371 3835 1397 3875 ro

224 3919 335 4001 postea
366 3913 516 3979 disseram
549 3913 587 3978 de
614 3913 765 3979 felicitate
794 3916 984 3983 sanctornm.
1016 3916 1162 3999 quoniam
1184 3921 1355 4002 utrumqne

226 4040 298 4086 cnm
325 4019 506 4103 corporibus
534 4020 593 4083 erit
620 4023 652 4083 et
678 4018 891 4085 incredibilius
919 4020 1045 4086 uidetur
1073 4040 1142 4087 esse
1164 4022 1195 4086 in
1220 4025 1356 4090 aeternis

227 4143 355 4209 corpora
381 4124 491 4190 durare
519 4125 710 4190 cruciatibus
740 4144 834 4208 qnam
862 4124 930 4191 sine
958 4125 1063 4192 doloro
1086 4127 1151 4193 nllo
1174 4127 1206 4192 in
1231 4132 1356 4194 aeterna

224 4230 418 4296 beatitudine
449 4249 642 4315 parmanere;
675 4249 711 4295 ac
742 4250 798 4315 per
828 4231 889 4296 hoc
920 4250 992 4296 cnm
1019 4232 1105 4298 illam
1133 4252 1267 4316 poenam
1295 4254 1355 4301 non

226 4336 338 4402 debere
365 4355 435 4403 ease
461 4336 677 4403 incredibilem
704 4338 969 4417 demonstranoro,
997 4338 1160 4404 adiuuabit
1186 4358 1236 4404 me
1259 4341 1356 4424 pluri·
1371 4365 1395 4407 n

225 4462 324 4520 mom,
356 4445 393 4508 nt
423 4445 525 4508 multo
556 4441 681 4508 facilins
713 4443 797 4507 omni
830 4462 937 4508 carens
969 4444 1115 4510 molestia
1145 4445 1355 4512 inmortalitas

228 4567 392 4632 corporum
414 4549 446 4612 in
470 4548 587 4614 emotis
615 4549 722 4613 futura
747 4548 898 4615 credatur.
920 4548 987 4614 Nec
1013 4568 1033 4614 a
1059 4550 1174 4616 diuinis
1197 4549 1273 4616 ordo
1295 4552 1355 4618 ista

261 4808 278 4861 2
297 4807 393 4902 omnin¹
405 4806 568 4879 abqppa;
586 4808 703 4862 omnium
722 4823 760 4861 eo
777 4807 875 4861 Domb.
938 4811 955 4862 4
973 4808 1052 4862 molti
1070 4809 1189 4881 rnodisy
1241 4812 1258 4865 6
1278 4829 1353 4883 qnae,

226 4932 259 4984 in
271 4947 360 5038 ειιιῃξιιρ.
380 4906 474 5000 onae
562 4930 784 4986 'linddelibnsb
876 4933 907 4987 l'l
927 4937 1101 5003 nnasstpo
1193 4936 1354 4990 etalterae

227 5047 261 5101 24
279 5045 387 5118 stillam,
402 5043 508 5100 domo
522 5045 620 5101 litteris
634 5048 727 5115 naam,
740 5065 771 5116 9,·
789 5064 868 5117 qnam
882 5049 956 5102 illam
972 5049 988 5103 b
1028 5050 1061 5102 27
1077 5066 1214 5119 corporum
1230 5050 1354 5128 abono,-

227 5135 344 5206 corporis
362 5149 376 5186 c
392 5131 489 5187 Domb.
