3217 6325
226 1300 290 1362 284
564 1296 591 1349 8.
618 1295 772 1349 Aurelii
798 1295 1012 1363 Augustini

225 1490 335 1554 crinita
357 1488 551 1571 serpentibus
576 1492 608 1552 et
630 1488 837 1569 adspicientes
865 1488 1066 1552 conuertebat
1092 1487 1122 1551 in
1150 1486 1284 1568 lapides3
1314 1487 1352 1551 de

152 1652 157 1658 .
226 1593 475 1675 Bellerophonte,
512 1592 595 1674 qnod
631 1612 722 1675 equo,
746 1593 855 1675 pennis
891 1593 1017 1656 uolente
1053 1592 1096 1656 sit
1134 1595 1258 1669 nectus,
1298 1592 1353 1675 qni

225 1719 325 1781 equus
352 1700 492 1782 Pegasus
520 1699 623 1765 dictus
651 1706 712 1775 est;
742 1700 779 1763 de
801 1699 986 1780 Amphione,
1016 1698 1100 1780 quod
1123 1698 1260 1764 citharae
1282 1718 1352 1764 sua-

225 1806 324 1869 uitate
348 1805 467 1887 lapides
489 1805 634 1869 mulserit
657 1808 689 1868 et
711 1805 891 1877 adtraxerim
916 1805 953 1868 de
971 1804 1057 1869 fabro
1076 1804 1214 1868 Daedalo
1233 1808 1267 1869 et
1283 1805 1352 1870 eiua

137 1942 140 1947 Δ
225 1911 311 1975 Icaro
339 1911 414 1987 filio,
443 1910 527 1991 quod
550 1910 611 1974 sibi
639 1908 791 1992 coaptatis
815 1910 917 1991 pinnis
940 1910 1131 1986 uolauerint;
1160 1910 1199 1974 de
1222 1909 1353 1993 Oedipo,
1382 1931 1395 1971 ι

226 2015 308 2098 quod
336 2020 508 2081 monstrum
541 2015 707 2097 quoddam,
740 2035 819 2097 quae
848 2016 986 2099 Sphinga
1017 2015 1186 2090 dicebatur,
1217 2016 1355 2081 humana

224 2122 303 2185 faeie
331 2119 573 2203 quadrupedem,
601 2120 705 2184 solutu
728 2139 806 2202 quae
831 2121 868 2184 ab
891 2121 947 2184 illa
972 2121 1104 2202 proponi
1127 2122 1243 2203 soleret
1264 2121 1356 2205 uelut

224 2227 387 2292 insolubili
423 2216 604 2309 quaestione
641 2246 697 2290 suo
736 2226 917 2310 praecipitio
954 2228 1052 2309 perire
1088 2228 1277 2310 conpulerit;
1316 2227 1355 2292 de

225 2336 354 2408 Antaeo,
392 2352 483 2415 quem
516 2333 641 2397 necauit
671 2332 834 2409 Hercules,
872 2333 956 2414 quod
991 2333 1092 2398 filius
1113 2316 1211 2398 terrae
1247 2334 1354 2410 fuerit,

224 2441 350 2520 propter
380 2438 463 2520 quod
495 2439 608 2502 cadens
639 2439 669 2501 in
698 2440 812 2502 terram
840 2438 950 2503 fortior
971 2440 1086 2503 soleret
1112 2440 1294 2522 adsurgere,
1323 2442 1355 2503 et
1371 2460 1397 2499 ro

226 2544 253 2609 si
281 2563 342 2627 qua
367 2544 446 2609 forte
473 2544 535 2607 alia
561 2544 764 2625 praetermisi.
791 2544 859 2608 Hae
886 2544 1009 2609 fabulae
1041 2546 1158 2609 bellum
1187 2544 1226 2608 ad
1253 2561 1354 2626 usque

225 2650 402 2727 Troianum,
439 2650 494 2714 ubi
531 2649 702 2714 seeundum
734 2651 847 2715 librum
879 2651 1005 2715 Marcus
1038 2650 1134 2714 Varro
1172 2650 1209 2714 de
1244 2649 1356 2736 populi

224 2756 356 2820 Romani
392 2759 484 2841 gente
516 2756 628 2831 finiuit,
666 2776 701 2820 er
743 2757 906 2821 occasione
941 2757 1157 2833 historiarum,
1189 2775 1268 2837 quae
1304 2775 1355 2821 res

225 2863 379 2928 ueraciter
406 2866 512 2946 gestas
541 2862 710 2939 continent,
741 2863 786 2926 ita
814 2866 889 2926 sunt
910 2863 1044 2946 ingeniis
1067 2862 1228 2927 hominum
1252 2862 1354 2940 lictae

225 2972 262 3032 ut
283 2988 342 3032 uon
366 2969 431 3032 sint
452 2968 626 3051 obprobriis
649 2967 811 3032 numinum
830 2968 956 3034 adfixae.
976 2969 1070 3033 Porro
1090 2970 1194 3031 autem
1215 2967 1356 3049 quicum·
1375 2988 1399 3027 n

227 3093 286 3156 que
313 3074 466 3138 finxerunt
492 3075 607 3138 alouo
631 3073 669 3138 ad
692 3077 836 3154 stuprum
859 3078 982 3156 raptum
1011 3073 1256 3155 pulcherrimum
1279 3092 1355 3154 pue-

223 3199 293 3243 rum
318 3179 540 3261 Ganymedem,
564 3180 646 3261 quod
669 3180 755 3243 nefas
778 3199 831 3243 rex
848 3180 997 3244 Tantalus
1015 3180 1092 3244 lecit
1108 3183 1140 3244 et
1157 3179 1228 3243 Ioui
1246 3179 1356 3243 fabula

223 3284 345 3361 tribuit,
368 3285 420 3348 uel
442 3284 564 3348 Danaes
588 3304 642 3365 per
664 3285 796 3349 imbrem
816 3303 945 3373 aureum
965 3285 1122 3366 adpetisse
1140 3284 1355 3362 concubitum,

225 3390 280 3452 ubi
306 3390 499 3474 intellegitur
524 3391 677 3473 pudicitia
703 3391 845 3456 mulieris
873 3411 947 3456 auro
975 3391 1073 3456 luisse
1096 3395 1251 3472 corrupta,
1275 3409 1355 3473 quae

225 3494 289 3559 illis
313 3497 506 3578 temporibus
529 3497 581 3559 uel
603 3497 686 3560 laeta
708 3498 760 3560 uel
783 3496 962 3575 hetaeum,
986 3500 1042 3561 ant
1062 3499 1146 3561 facta
1167 3497 1205 3560 ab
1229 3496 1301 3560 aliis
1324 3498 1357 3560 et
1373 3513 1400 3553 ω

225 3600 299 3664 fieta
329 3600 366 3664 de
397 3600 483 3678 Ioue,
516 3600 579 3665 dici
610 3620 670 3665 non
702 3606 807 3685 potest
838 3605 988 3683 quantum
1021 3602 1097 3666 mali
1125 3601 1163 3666 de
1191 3601 1355 3666 hominum

224 3706 468 3788 praesumserint
491 3707 647 3783 cordibus,
671 3707 754 3788 quod
777 3710 907 3790 possent
922 3708 985 3772 ista
1002 3708 1155 3789 patienter
1172 3707 1251 3772 ferre
1269 3726 1356 3772 men·

226 3811 325 3888 decia,
357 3829 435 3892 quae
467 3815 570 3875 tamen
603 3812 697 3875 etiam
725 3813 858 3877 libenter
884 3813 1018 3896 amplexi
1044 3814 1128 3877 sunt.
1156 3809 1218 3890 Qui
1245 3813 1355 3894 utique

227 3920 341 3998 quanto
379 3916 525 3980 deuotius
561 3918 668 3981 Iouem
698 3919 814 3998 colunt,
841 3922 928 3982 tanto
957 3938 1020 3995 eos,
1049 3918 1102 4000 qui
1128 3918 1205 3982 haee
1233 3918 1271 3982 de
1297 3918 1354 3983 illo

228 4022 329 4086 dicere
356 4021 425 4086 ausi
452 4025 535 4099 sunt,
564 4023 704 4087 seuerius
731 4024 841 4105 punire
870 4025 1053 4088 debuemnt.
1081 4023 1173 4088 Nunc
1195 4042 1269 4087 nero
1294 4043 1354 4088 non
1372 4043 1400 4085 ss

227 4129 329 4192 solum
362 4128 418 4205 eis,
451 4127 504 4208 qui
534 4128 596 4191 ista
626 4128 787 4204 finxerunt,
821 4130 891 4194 irati
922 4150 981 4195 non
1014 4133 1098 4206 sunt,
1131 4130 1187 4194 sed
1214 4133 1253 4193 ut
1277 4129 1356 4194 talia

227 4232 375 4316 figmenta
402 4233 496 4296 etiam
523 4232 554 4296 in
582 4233 713 4297 theatris
741 4240 878 4318 agerent,
906 4236 991 4318 ipsos
1020 4235 1094 4300 deos
1122 4234 1228 4317 potius
1255 4235 1354 4300 iratos

209 4336 339 4403 'habere
361 4339 544 4401 timuerunt.
571 4338 630 4402 His
654 4339 847 4421 temporibus
874 4342 993 4405 Latona
1019 4340 1194 4423 Apollinem
1221 4342 1354 4425 peperit,

228 4462 288 4507 non
310 4444 410 4519 illum,
439 4443 529 4507 cuius
552 4444 677 4509 oracula
699 4445 798 4510 solere
822 4448 942 4512 consuli
971 4446 1115 4529 superius
1137 4446 1353 4528 loquebamur,

264 4633 280 4684 2
297 4631 473 4684 belloroionte
490 4647 548 4699 9123
565 4632 786 4687 bellereirontee
846 4636 936 4704 pinnis
955 4653 968 4688 e
985 4635 1082 4689 Domb.
1133 4638 1149 4690 3
1168 4635 1302 4704 amphione
1315 4650 1354 4704 cy

230 4721 247 4771 4
273 4719 404 4771 mulserit.
427 4719 436 4770 i
459 4735 493 4773 m.
518 4721 537 4771 2
558 4719 589 4771 in
612 4736 625 4772 e
649 4737 727 4783 corr,
748 4738 765 4790 q
872 4723 928 4775 eius
951 4725 1021 4776 icaro
1047 4739 1124 4789 mss,;
1150 4723 1226 4778 learo
1254 4714 1311 4776 eius
1336 4738 1354 4776 o

231 4804 462 4874 boedippoeqp
528 4806 657 4875 depinge
677 4825 730 4876 ep¹
784 4811 966 4863 ‘leolutame
1036 4811 1354 4880 soleretcpronsb.,·

215 4894 301 4946 solet
317 4910 402 4961 ppa5
419 4893 524 4946 solebat
541 4902 608 4960 efo
679 4897 812 4950 9untheo
831 4914 869 4966 eq
944 4900 1055 4967 negauit
1072 4898 1133 4967 e¹9¹
1203 4899 1355 4969 herculisq

234 4983 264 5034 ll
284 4980 383 5033 bellum
401 4979 435 5032 sd
453 4996 536 5048 usque
553 4997 628 5047 ωας
646 4982 680 5035 sd
699 4984 796 5044 bellum
816 5002 899 5053 usque
917 5003 933 5039 o
981 4989 1015 5040 15
1034 4987 1213 5055 abpropriise
1261 4988 1294 5041 al
1309 4987 1353 5051 uel

232 5068 326 5139 fictae
418 5068 453 5119 24
472 5066 504 5119 de
523 5067 569 5119 illo
588 5084 638 5122 om.
658 5086 680 5136 p,
698 5069 810 5124 inclusit
827 5073 923 5125 Domb.
1019 5075 1054 5126 25
1072 5073 1130 5126 ausi
1148 5078 1211 5126 sunt
1228 5072 1354 5143 dicerep

233 5156 267 5210 26
284 5155 426 5225 pinxerunt
443 5171 457 5209 e
509 5155 543 5208 28
561 5157 666 5224 peperit
684 5158 770 5226 Apoll.
788 5176 805 5212 o
