3217 6325
279 1334 343 1398 472
615 1329 641 1383 S.
669 1328 823 1384 Aurelii
848 1328 1064 1397 Augustini

280 1547 359 1603 rum,
390 1526 450 1591 nisi
478 1526 531 1590 illo
558 1525 641 1606 prior
667 1525 796 1590 uenerit.
829 1544 922 1606 quem
949 1525 1088 1608 refugam
1116 1528 1219 1601 uocat,
1250 1525 1406 1607 ntiquea

279 1632 413 1697 Domino
440 1631 514 1695 Deo.
543 1627 633 1707 Quod
661 1630 688 1694 si
715 1631 753 1694 do
780 1630 924 1695 omnibus
951 1631 1047 1713 inpiis
1069 1631 1179 1696 merite
1203 1631 1264 1695 diei
1286 1636 1405 1713 potest,

280 1745 394 1821 quanto
422 1737 522 1821 magis
550 1737 587 1801 de
615 1737 693 1801 isto!
722 1736 783 1802 Sed
811 1737 841 1799 in
870 1755 930 1820 quo
958 1738 1075 1819 templo
1098 1737 1158 1801 Dei
1180 1738 1223 1802 sit
1244 1757 1404 1816 sessums,

279 1844 431 1909 incertum
460 1847 523 1919 est;
551 1848 657 1908 utrum
684 1844 714 1907 in
742 1844 797 1908 illa
824 1844 911 1907 ruina
938 1844 1056 1926 templi,
1085 1844 1168 1926 quod
1196 1844 1404 1911 aSalomone

279 1969 352 2033 rege
384 1954 598 2016 constructum
632 1954 689 2027 est,
721 1970 758 2013 an
791 1969 865 2013 uero
897 1950 926 2014 in
955 1950 1094 2014 ecclesia
1121 1949 1190 2015 Non
1218 1952 1300 2015 eninr
1322 1955 1402 2016 tem·
1431 1968 1444 2007 ε

280 2059 367 2142 plnrn
403 2057 538 2122 alicuius
573 2056 649 2122 idoli
684 2062 740 2121 aut
775 2056 934 2121 daemonis
965 2059 1118 2138 templum
1150 2058 1207 2121 Dei
1239 2060 1402 2140 apostolus

280 2166 404 2229 diceret.
432 2164 521 2229 Unde
547 2164 685 2227 nonnulli
712 2181 771 2228 non
799 2164 904 2244 ipsum
931 2163 1111 2244 prinoipem,
1140 2164 1195 2228 sed
1220 2166 1402 2229 uniuersum

281 2271 414 2353 quodam
437 2270 529 2335 modo
553 2289 664 2356 corpus
687 2270 766 2346 eius,
794 2270 825 2333 id
849 2273 898 2334 est
920 2269 959 2333 ad
982 2288 1053 2334 eum
1075 2270 1279 2352 pertinentem
1302 2271 1402 2335 homi-

279 2397 354 2442 num
386 2376 631 2454 multitudinem,
663 2375 758 2441 simul
789 2394 861 2440 curn
891 2375 960 2457 ipso
993 2395 1052 2440 suo
1082 2376 1220 2459 principe
1249 2376 1400 2441 hocloco

278 2482 420 2567 intellegi
440 2482 668 2548 Antichristum
692 2482 818 2556 uolunt3
842 2482 1020 2564 rectiusque
1043 2486 1154 2564 putant
1176 2482 1270 2547 etiam
1288 2483 1399 2547 Latine
1418 2500 1446 2540 ro

281 2589 353 2667 dici,
390 2589 474 2654 sieut
509 2589 540 2653 in
574 2587 692 2653 Graeco
724 2592 783 2662 est,
820 2607 879 2651 nen
910 2588 948 2652 iu
981 2588 1129 2671 templo
1162 2589 1242 2662 Dei,
1275 2589 1331 2654 sed
1362 2590 1400 2653 in

279 2696 473 2777 templum
504 2694 575 2759 Dei
608 2694 755 2771 sedeat,
787 2702 946 2776 tamquam
978 2695 1045 2777 ipse
1077 2695 1120 2759 sit
1150 2696 1301 2778 templum
1331 2695 1401 2773 Dei,

279 2801 363 2883 quod
392 2805 441 2866 est
466 2800 613 2876 ecolesia;
642 2801 725 2865 sient
751 2801 902 2876 dicimns3
930 2799 1036 2865 ‘Sedet
1060 2802 1092 2866 in
1115 2802 1270 2877 amicum’,
1297 2801 1402 2865 idest

280 2907 371 2971 uelut
402 2908 531 2985 amicus,
563 2908 615 2972 uel
646 2907 674 2972 si
706 2907 781 2989 quid
813 2906 897 2971 aliud
923 2907 986 2971 isto
1012 2908 1179 2972 locutionis
1206 2926 1316 2991 genere
1339 2908 1401 2971 dici

280 3012 370 3078 solet
400 3010 490 3091 Quod
517 3017 622 3077 autem
650 3013 709 3078 ait:
736 3014 783 3077 lit
810 3032 911 3078 nunc
938 3014 1033 3096 quid
1060 3014 1240 3079 detineat
1266 3014 1400 3089 scitis,
1420 3038 1446 3078 n

279 3118 311 3184 id
340 3122 398 3196 est,
431 3119 506 3203 quid
533 3120 574 3185 sit
601 3120 631 3185 in
659 3138 755 3194 mora,
784 3140 864 3203 quae
890 3139 985 3186 causa
1007 3120 1050 3185 sit
1071 3120 1229 3187 dilationis
1252 3121 1330 3198 eius,
1357 3125 1402 3187 ut

280 3228 486 3293 reueletur
517 3229 554 3291 in
587 3246 657 3292 suo
689 3233 877 3310 tempore,
910 3229 1015 3294 scitis:
1048 3228 1193 3310 qnoniam
1221 3229 1300 3294 seire
1328 3229 1400 3294 illos

219 3408 232 3431 ο
280 3333 367 3411 dixit,
398 3337 503 3415 aperto
533 3335 593 3399 hoo
624 3335 727 3400 dicere
758 3336 868 3401 noluit.
900 3337 941 3400 Et
966 3336 1036 3400 ideo
1064 3354 1130 3410 nos,
1163 3336 1217 3418 qui
1243 3337 1401 3401 nescimus

280 3439 362 3521 quod
389 3438 436 3503 illi
464 3441 612 3519 sciebant,
643 3442 803 3524 peruenire
831 3462 902 3506 cum
929 3441 1033 3506 labore
1060 3442 1099 3506 ad
1125 3440 1167 3518 id,
1197 3442 1280 3524 quod
1303 3442 1402 3506 sensit

279 3545 451 3629 apostolus,
475 3550 619 3630 cupimus
642 3567 698 3612 nec
716 3549 874 3621 ualemus;
898 3549 1080 3630 praesertim
1098 3549 1171 3630 quia
1189 3556 1221 3612 et
1238 3549 1302 3624 illa,
1322 3567 1400 3630 quae
1419 3572 1446 3609 so

280 3652 410 3727 addidit,
442 3654 524 3718 hunc
557 3673 683 3719 sensum
714 3654 834 3718 faciunt
864 3655 1085 3720 obscuriorem.
1116 3653 1196 3718 Nam
1229 3654 1304 3735 quid
1335 3657 1399 3718 est:

280 3758 357 3822 Iam
380 3759 481 3823 enirn
504 3759 735 3842 mysterium
759 3760 995 3843 iniquitatis
1015 3763 1210 3842 operatur.
1233 3760 1399 3824 Tantum

281 3864 347 3947 qui
379 3865 491 3934 modo
523 3869 634 3931 tenet
665 3870 812 3942 teneat,
845 3867 969 3930 donec
1001 3865 1045 3930 de
1077 3866 1203 3931 medio
1235 3865 1327 3939 fiat:
1360 3871 1401 3931 et

280 3976 374 4037 tunc
409 3974 663 4039 reuelabitur
699 3974 886 4056 iniquus?
921 3974 988 4056 ligo
1024 3992 1149 4057 prorsus
1185 3973 1259 4056 quid
1291 3971 1402 4037 dixerit

281 4098 330 4143 me
361 4080 461 4145 fatcor
491 4080 639 4164 ignorare.
672 4080 872 4163 Suspiciones
903 4085 1006 4145 tamen
1038 4080 1209 4157 hominurn,
1240 4098 1317 4163 quas
1350 4079 1402 4142 uel
1419 4094 1446 4134 τι

281 4184 387 4250 audire
411 4186 463 4250 uel
484 4186 585 4269 legere
608 4187 707 4269 potui,
730 4204 790 4251 non
812 4188 933 4251 tacebo.

325 4289 456 4370 Quidam
486 4295 598 4374 putant
625 4293 683 4357 hoo
712 4293 749 4356 do
775 4292 905 4375 imperio
933 4293 1053 4359 dictum
1076 4293 1174 4358 inisse
1196 4293 1345 4363 Romano,
1369 4298 1402 4355 et

281 4404 443 4479 propterea
464 4398 598 4463 Paulum
625 4399 801 4481 apostolum
826 4416 884 4462 non
907 4399 940 4462 id
963 4403 1068 4480 aperte
1094 4399 1227 4464 scribere
1251 4399 1400 4472 uoluisse,

282 4521 319 4567 ue
342 4504 529 4568 calumniam
552 4503 700 4569 uidelicet
716 4505 894 4579 incurreret,
918 4505 1000 4586 quod
1017 4505 1156 4570 Romano
1174 4505 1302 4586 imperio
1321 4503 1401 4567 male

281 4612 445 4691 optauerit,
469 4629 540 4676 eum
563 4616 738 4695 speraretur
760 4615 933 4686 aeternum
957 4615 994 4676 nt
1014 4612 1073 4676 hoe
1098 4611 1179 4694 quod
1203 4612 1294 4675 dixit:
1323 4611 1400 4673 lam
1417 4626 1445 4666 ao

282 4716 382 4781 enirn
413 4719 646 4801 mysterium
674 4717 912 4800 iniqnitatis
940 4722 1140 4801 operatur,
1167 4717 1318 4782 Neronem
1348 4735 1404 4781 uo·

315 5022 384 5077 8ad
403 5023 555 5091 eundcmp
633 5022 665 5076 10
682 4988 806 5092 petantp
864 5023 893 5075 ll
914 5039 951 5090 sq.
971 5024 997 5075 in
1014 4989 1141 5092 templom
1158 5042 1176 5092 p
1236 5024 1267 5076 19
1286 5024 1401 5077 sentite

282 5111 313 5165 21
334 5109 410 5164 addit
425 5127 444 5179 p
504 5110 538 5164 23
558 5126 609 5179 quo
623 5126 645 5178 p
708 5110 742 5163 24
759 5125 861 5188 nunes
922 5111 956 5163 25
975 5111 1141 5179 suspetionoa
1157 5113 1185 5179 p¹
1248 5113 1282 5164 28
1301 5115 1400 5180 aperte,

281 5251 314 5290 ec
331 5238 437 5307 oportet
454 5239 635 5297 comediarum
703 5233 738 5288 30
756 5200 805 5295 con
824 5249 838 5286 e
