<?xml version="1.0" encoding="UTF-8"?>
<!DOCTYPE html PUBLIC "-//W3C//DTD XHTML 1.0 Transitional//EN"
    "http://www.w3.org/TR/xhtml1/DTD/xhtml1-transitional.dtd">
<html xmlns="http://www.w3.org/1999/xhtml" xml:lang="en" lang="en">
 <head>
  <title>
</title>
<meta http-equiv="Content-Type" content="text/html;charset=utf-8" />
  <meta name='ocr-system' content='tesseract 3.04.00' />
  <meta name='ocr-capabilities' content='ocr_page ocr_carea ocr_par ocr_line ocrx_word'/>
</head>
<body>
  <div class='ocr_page' id='page_1' title='image "./sanctiavreliiav00hoffgoog_0420.png"; bbox 0 0 3217 6325; ppageno 0'>
   <div class='ocr_carea' id='block_1_1' title="bbox 288 1331 1075 1402">
    <p class='ocr_par' dir='ltr' id='par_1_1' title="bbox 288 1331 1075 1402">
     <span class='ocr_line' id='line_1_1' title="bbox 288 1331 1075 1402; baseline -0.01 -9"><span class='ocrx_word' id='word_1_1' title='bbox 288 1339 352 1402; x_wconf 79' lang='grc'>406</span> <span class='ocrx_word' id='word_1_2' title='bbox 627 1332 653 1386; x_wconf 87' lang='lat' dir='ltr'>S.</span> <span class='ocrx_word' id='word_1_3' title='bbox 682 1331 834 1386; x_wconf 79' lang='lat' dir='ltr'>Aurelii</span> <span class='ocrx_word' id='word_1_4' title='bbox 862 1331 1075 1401; x_wconf 73' lang='lat' dir='ltr'>Augustini</span> 
     </span>
    </p>
   </div>
   <div class='ocr_carea' id='block_1_2' title="bbox 287 1524 1469 4364">
    <p class='ocr_par' dir='ltr' id='par_1_2' title="bbox 287 1524 1469 4364">
     <span class='ocr_line' id='line_1_2' title="bbox 287 1524 1419 1611; baseline -0.004 -19"><span class='ocrx_word' id='word_1_5' title='bbox 287 1545 350 1611; x_wconf 85' lang='lat' dir='ltr'>qua</span> <span class='ocrx_word' id='word_1_6' title='bbox 371 1527 551 1611; x_wconf 88' lang='lat' dir='ltr'>peruenitur</span> <span class='ocrx_word' id='word_1_7' title='bbox 573 1525 611 1590; x_wconf 91' lang='lat' dir='ltr'>ad</span> <span class='ocrx_word' id='word_1_8' title='bbox 633 1525 746 1601; x_wconf 89' lang='lat' dir='ltr'>Deum,</span> <span class='ocrx_word' id='word_1_9' title='bbox 766 1525 899 1607; x_wconf 87' lang='lat' dir='ltr'>quisque</span> <span class='ocrx_word' id='word_1_10' title='bbox 917 1527 1069 1597; x_wconf 86' lang='lat' dir='ltr'>seotetnr;</span> <span class='ocrx_word' id='word_1_11' title='bbox 1088 1524 1169 1589; x_wconf 90' lang='lat' dir='ltr'>unde</span> <span class='ocrx_word' id='word_1_12' title='bbox 1186 1524 1273 1606; x_wconf 89' lang='lat' dir='ltr'>ipsos</span> <span class='ocrx_word' id='word_1_13' title='bbox 1291 1542 1419 1606; x_wconf 90' lang='lat' dir='ltr'>quoque</span> 
     </span>
     <span class='ocr_line' id='line_1_3' title="bbox 288 1630 1419 1718; baseline -0.003 -21"><span class='ocrx_word' id='word_1_14' title='bbox 288 1633 502 1718; x_wconf 85' lang='lat' dir='ltr'>philosophos,</span> <span class='ocrx_word' id='word_1_15' title='bbox 526 1630 647 1714; x_wconf 88' lang='lat' dir='ltr'>quaudo</span> <span class='ocrx_word' id='word_1_16' title='bbox 671 1630 840 1697; x_wconf 82' lang='lat' dir='ltr'>Christiani</span> <span class='ocrx_word' id='word_1_17' title='bbox 862 1631 952 1697; x_wconf 73' lang='lat' dir='ltr'>fiuent.</span> <span class='ocrx_word' id='word_1_18' title='bbox 976 1650 1034 1696; x_wconf 90' lang='lat' dir='ltr'>non</span> <span class='ocrx_word' id='word_1_19' title='bbox 1054 1630 1195 1695; x_wconf 91' lang='lat' dir='ltr'>habitum</span> <span class='ocrx_word' id='word_1_20' title='bbox 1218 1630 1270 1694; x_wconf 90' lang='lat' dir='ltr'>uel</span> <span class='ocrx_word' id='word_1_21' title='bbox 1289 1649 1419 1695; x_wconf 89' lang='lat' dir='ltr'>eonsue-</span> 
     </span>
     <span class='ocr_line' id='line_1_4' title="bbox 287 1735 1420 1821; baseline -0.004 -16"><span class='ocrx_word' id='word_1_22' title='bbox 287 1740 427 1805; x_wconf 81' lang='lat' dir='ltr'>tudinem</span> <span class='ocrx_word' id='word_1_23' title='bbox 455 1738 572 1816; x_wconf 86' lang='lat' dir='ltr'>uietus,</span> <span class='ocrx_word' id='word_1_24' title='bbox 595 1756 674 1819; x_wconf 90' lang='lat' dir='ltr'>quae</span> <span class='ocrx_word' id='word_1_25' title='bbox 701 1737 779 1802; x_wconf 92' lang='lat' dir='ltr'>nihil</span> <span class='ocrx_word' id='word_1_26' title='bbox 802 1737 922 1821; x_wconf 81' lang='lat' dir='ltr'>inpedit</span> <span class='ocrx_word' id='word_1_27' title='bbox 944 1738 1138 1821; x_wconf 84' lang='lat' dir='ltr'>religionem,</span> <span class='ocrx_word' id='word_1_28' title='bbox 1160 1737 1217 1801; x_wconf 87' lang='lat' dir='ltr'>sed</span> <span class='ocrx_word' id='word_1_29' title='bbox 1239 1736 1319 1800; x_wconf 84' lang='lat' dir='ltr'>salsa</span> <span class='ocrx_word' id='word_1_30' title='bbox 1342 1735 1420 1819; x_wconf 86' lang='lat' dir='ltr'>dog·</span> 
     </span>
     <span class='ocr_line' id='line_1_5' title="bbox 288 1842 1458 1927; baseline -0.006 -16"><span class='ocrx_word' id='word_1_31' title='bbox 288 1849 373 1911; x_wconf 87' lang='lat' dir='ltr'>mata</span> <span class='ocrx_word' id='word_1_32' title='bbox 398 1850 520 1911; x_wconf 90' lang='lat' dir='ltr'>mutare</span> <span class='ocrx_word' id='word_1_33' title='bbox 547 1842 706 1925; x_wconf 83' lang='lat' dir='ltr'>conpellit</span> <span class='ocrx_word' id='word_1_34' title='bbox 739 1843 830 1909; x_wconf 84' lang='lat' dir='ltr'>Unde</span> <span class='ocrx_word' id='word_1_35' title='bbox 852 1844 940 1908; x_wconf 92' lang='lat' dir='ltr'>illam</span> <span class='ocrx_word' id='word_1_36' title='bbox 963 1864 1056 1927; x_wconf 92' lang='lat' dir='ltr'>quam</span> <span class='ocrx_word' id='word_1_37' title='bbox 1086 1843 1182 1908; x_wconf 75' lang='lat' dir='ltr'>Varro</span> <span class='ocrx_word' id='word_1_38' title='bbox 1210 1842 1355 1907; x_wconf 79' lang='lat' dir='ltr'>adhibuit</span> <span class='ocrx_word' id='word_1_39' title='bbox 1382 1860 1419 1905; x_wconf 86' lang='lat' dir='ltr'>ex</span> <span class='ocrx_word' id='word_1_40' title='bbox 1456 1880 1458 1883; x_wconf 55' lang='lat'>&lt;</span> 
     </span>
     <span class='ocr_line' id='line_1_6' title="bbox 288 1949 1466 2035; baseline -0.003 -18"><span class='ocrx_word' id='word_1_41' title='bbox 288 1951 413 2035; x_wconf 77' lang='lat' dir='ltr'>Cynicis</span> <span class='ocrx_word' id='word_1_42' title='bbox 449 1950 664 2026; x_wconf 83' lang='lat' dir='ltr'>differentiam,</span> <span class='ocrx_word' id='word_1_43' title='bbox 701 1949 728 2014; x_wconf 89' lang='lat' dir='ltr'>si</span> <span class='ocrx_word' id='word_1_44' title='bbox 764 1950 844 2014; x_wconf 89' lang='lat' dir='ltr'>nibil</span> <span class='ocrx_word' id='word_1_45' title='bbox 875 1951 1009 2033; x_wconf 83' lang='lat' dir='ltr'>turpiter</span> <span class='ocrx_word' id='word_1_46' title='bbox 1040 1951 1141 2033; x_wconf 89' lang='lat' dir='ltr'>adque</span> <span class='ocrx_word' id='word_1_47' title='bbox 1175 1950 1421 2032; x_wconf 79' lang='lat' dir='ltr'>intemperanter</span> <span class='ocrx_word' id='word_1_48' title='bbox 1450 1974 1466 2014; x_wconf 81' lang='lat' dir='ltr'>a</span> 
     </span>
     <span class='ocr_line' id='line_1_7' title="bbox 288 2054 1419 2142; baseline -0.005 -19"><span class='ocrx_word' id='word_1_49' title='bbox 288 2061 371 2142; x_wconf 82' lang='lat' dir='ltr'>agat,</span> <span class='ocrx_word' id='word_1_50' title='bbox 398 2058 524 2124; x_wconf 91' lang='lat' dir='ltr'>omnino</span> <span class='ocrx_word' id='word_1_51' title='bbox 548 2075 608 2121; x_wconf 91' lang='lat' dir='ltr'>non</span> <span class='ocrx_word' id='word_1_52' title='bbox 632 2059 730 2121; x_wconf 86' lang='lat' dir='ltr'>aurat</span> <span class='ocrx_word' id='word_1_53' title='bbox 759 2056 804 2120; x_wconf 74' lang='lat' dir='ltr'>lix</span> <span class='ocrx_word' id='word_1_54' title='bbox 826 2056 928 2121; x_wconf 88' lang='lat' dir='ltr'>tribue</span> <span class='ocrx_word' id='word_1_55' title='bbox 950 2075 1025 2122; x_wconf 90' lang='lat' dir='ltr'>uero</span> <span class='ocrx_word' id='word_1_56' title='bbox 1048 2056 1113 2120; x_wconf 93' lang='lat' dir='ltr'>illis</span> <span class='ocrx_word' id='word_1_57' title='bbox 1136 2056 1222 2121; x_wconf 91' lang='lat' dir='ltr'>uitae</span> <span class='ocrx_word' id='word_1_58' title='bbox 1241 2054 1419 2139; x_wconf 85' lang='lat' dir='ltr'>generibus,</span> 
     </span>
     <span class='ocr_line' id='line_1_8' title="bbox 288 2158 1420 2245; baseline -0.007 -15"><span class='ocrx_word' id='word_1_59' title='bbox 288 2164 400 2242; x_wconf 90' lang='lat' dir='ltr'>otioso,</span> <span class='ocrx_word' id='word_1_60' title='bbox 432 2167 562 2229; x_wconf 87' lang='lat' dir='ltr'>aetuoso</span> <span class='ocrx_word' id='word_1_61' title='bbox 590 2165 623 2226; x_wconf 92' lang='lat' dir='ltr'>et</span> <span class='ocrx_word' id='word_1_62' title='bbox 649 2181 684 2226; x_wconf 87' lang='lat' dir='ltr'>ex</span> <span class='ocrx_word' id='word_1_63' title='bbox 711 2166 846 2244; x_wconf 87' lang='lat' dir='ltr'>utroquo</span> <span class='ocrx_word' id='word_1_64' title='bbox 874 2162 1048 2245; x_wconf 87' lang='lat' dir='ltr'>conposito,</span> <span class='ocrx_word' id='word_1_65' title='bbox 1076 2164 1219 2244; x_wconf 88' lang='lat' dir='ltr'>quamuis</span> <span class='ocrx_word' id='word_1_66' title='bbox 1248 2160 1336 2225; x_wconf 89' lang='lat' dir='ltr'>salua</span> <span class='ocrx_word' id='word_1_67' title='bbox 1358 2158 1420 2223; x_wconf 87' lang='lat' dir='ltr'>fide</span> 
     </span>
     <span class='ocr_line' id='line_1_9' title="bbox 289 2267 1420 2354; baseline -0.004 -20"><span class='ocrx_word' id='word_1_68' title='bbox 289 2270 422 2354; x_wconf 90' lang='lat' dir='ltr'>quisque</span> <span class='ocrx_word' id='word_1_69' title='bbox 452 2270 555 2351; x_wconf 86' lang='lat' dir='ltr'>possit</span> <span class='ocrx_word' id='word_1_70' title='bbox 584 2267 615 2332; x_wconf 89' lang='lat' dir='ltr'>in</span> <span class='ocrx_word' id='word_1_71' title='bbox 648 2267 789 2350; x_wconf 90' lang='lat' dir='ltr'>quolibet</span> <span class='ocrx_word' id='word_1_72' title='bbox 821 2288 927 2334; x_wconf 89' lang='lat' dir='ltr'>eorum</span> <span class='ocrx_word' id='word_1_73' title='bbox 959 2268 1058 2333; x_wconf 92' lang='lat' dir='ltr'>uitam</span> <span class='ocrx_word' id='word_1_74' title='bbox 1086 2268 1199 2332; x_wconf 85' lang='lat' dir='ltr'>ducere</span> <span class='ocrx_word' id='word_1_75' title='bbox 1222 2271 1254 2331; x_wconf 92' lang='lat' dir='ltr'>et</span> <span class='ocrx_word' id='word_1_76' title='bbox 1276 2267 1313 2331; x_wconf 95' lang='lat' dir='ltr'>ad</span> <span class='ocrx_word' id='word_1_77' title='bbox 1338 2286 1420 2331; x_wconf 90' lang='lat' dir='ltr'>sem-</span> 
     </span>
     <span class='ocr_line' id='line_1_10' title="bbox 287 2373 1422 2460; baseline -0.001 -19"><span class='ocrx_word' id='word_1_78' title='bbox 287 2376 410 2460; x_wconf 89' lang='lat' dir='ltr'>piterna</span> <span class='ocrx_word' id='word_1_79' title='bbox 433 2375 571 2459; x_wconf 87' lang='lat' dir='ltr'>praemia</span> <span class='ocrx_word' id='word_1_80' title='bbox 597 2374 769 2457; x_wconf 85' lang='lat' dir='ltr'>peruenire.</span> <span class='ocrx_word' id='word_1_81' title='bbox 799 2374 931 2439; x_wconf 84' lang='lat' dir='ltr'>interest</span> <span class='ocrx_word' id='word_1_82' title='bbox 957 2377 1060 2439; x_wconf 89' lang='lat' dir='ltr'>tamen</span> <span class='ocrx_word' id='word_1_83' title='bbox 1084 2373 1160 2457; x_wconf 90' lang='lat' dir='ltr'>quid</span> <span class='ocrx_word' id='word_1_84' title='bbox 1187 2393 1291 2438; x_wconf 89' lang='lat' dir='ltr'>amore</span> <span class='ocrx_word' id='word_1_85' title='bbox 1314 2376 1422 2440; x_wconf 84' lang='lat' dir='ltr'>teneat</span> 
     </span>
     <span class='ocr_line' id='line_1_11' title="bbox 289 2479 1467 2563; baseline -0.002 -17"><span class='ocrx_word' id='word_1_86' title='bbox 289 2480 441 2556; x_wconf 85' lang='lat' dir='ltr'>ueritatis,</span> <span class='ocrx_word' id='word_1_87' title='bbox 466 2480 540 2562; x_wconf 91' lang='lat' dir='ltr'>quid</span> <span class='ocrx_word' id='word_1_88' title='bbox 563 2480 665 2546; x_wconf 84' lang='lat' dir='ltr'>officio</span> <span class='ocrx_word' id='word_1_89' title='bbox 689 2481 829 2545; x_wconf 82' lang='lat' dir='ltr'>caritatis</span> <span class='ocrx_word' id='word_1_90' title='bbox 851 2480 1007 2563; x_wconf 87' lang='lat' dir='ltr'>inpendat.</span> <span class='ocrx_word' id='word_1_91' title='bbox 1030 2480 1096 2545; x_wconf 91' lang='lat' dir='ltr'>Nee</span> <span class='ocrx_word' id='word_1_92' title='bbox 1123 2479 1169 2545; x_wconf 89' lang='lat' dir='ltr'>eie</span> <span class='ocrx_word' id='word_1_93' title='bbox 1193 2498 1262 2544; x_wconf 89' lang='lat' dir='ltr'>osse</span> <span class='ocrx_word' id='word_1_94' title='bbox 1285 2481 1420 2562; x_wconf 91' lang='lat' dir='ltr'>quisque</span> <span class='ocrx_word' id='word_1_95' title='bbox 1440 2504 1467 2544; x_wconf 85' lang='lat' dir='ltr'>m</span> 
     </span>
     <span class='ocr_line' id='line_1_12' title="bbox 289 2585 1418 2670; baseline 0.002 -22"><span class='ocrx_word' id='word_1_96' title='bbox 289 2587 382 2651; x_wconf 88' lang='lat' dir='ltr'>debet</span> <span class='ocrx_word' id='word_1_97' title='bbox 408 2585 540 2662; x_wconf 85' lang='lat' dir='ltr'>otiosus,</span> <span class='ocrx_word' id='word_1_98' title='bbox 567 2585 661 2650; x_wconf 90' lang='lat' dir='ltr'>utin</span> <span class='ocrx_word' id='word_1_99' title='bbox 690 2585 800 2650; x_wconf 90' lang='lat' dir='ltr'>eodem</span> <span class='ocrx_word' id='word_1_100' title='bbox 829 2586 894 2650; x_wconf 91' lang='lat' dir='ltr'>otio</span> <span class='ocrx_word' id='word_1_101' title='bbox 922 2586 1094 2650; x_wconf 83' lang='lat' dir='ltr'>utilitatem</span> <span class='ocrx_word' id='word_1_102' title='bbox 1121 2605 1181 2650; x_wconf 92' lang='lat' dir='ltr'>non</span> <span class='ocrx_word' id='word_1_103' title='bbox 1204 2585 1324 2669; x_wconf 81' lang='lat' dir='ltr'>cogitet</span> <span class='ocrx_word' id='word_1_104' title='bbox 1350 2607 1418 2670; x_wconf 89' lang='lat' dir='ltr'>pro-</span> 
     </span>
     <span class='ocr_line' id='line_1_13' title="bbox 288 2692 1421 2774; baseline 0.003 -18"><span class='ocrx_word' id='word_1_105' title='bbox 288 2692 373 2766; x_wconf 81' lang='lat' dir='ltr'>nimi,</span> <span class='ocrx_word' id='word_1_106' title='bbox 397 2710 454 2756; x_wconf 89' lang='lat' dir='ltr'>nee</span> <span class='ocrx_word' id='word_1_107' title='bbox 477 2692 523 2756; x_wconf 88' lang='lat' dir='ltr'>sie</span> <span class='ocrx_word' id='word_1_108' title='bbox 546 2696 707 2766; x_wconf 82' lang='lat' dir='ltr'>actuosus,</span> <span class='ocrx_word' id='word_1_109' title='bbox 731 2694 768 2756; x_wconf 86' lang='lat' dir='ltr'>ut</span> <span class='ocrx_word' id='word_1_110' title='bbox 791 2692 1086 2773; x_wconf 86' lang='lat' dir='ltr'>contemplationem</span> <span class='ocrx_word' id='word_1_111' title='bbox 1109 2711 1171 2756; x_wconf 90' lang='lat' dir='ltr'>non</span> <span class='ocrx_word' id='word_1_112' title='bbox 1193 2693 1330 2774; x_wconf 90' lang='lat' dir='ltr'>requirat</span> <span class='ocrx_word' id='word_1_113' title='bbox 1352 2693 1421 2759; x_wconf 89' lang='lat' dir='ltr'>Dei.</span> 
     </span>
     <span class='ocr_line' id='line_1_14' title="bbox 289 2797 1421 2881; baseline 0.001 -19"><span class='ocrx_word' id='word_1_114' title='bbox 289 2799 323 2862; x_wconf 95' lang='lat' dir='ltr'>ln</span> <span class='ocrx_word' id='word_1_115' title='bbox 352 2798 415 2863; x_wconf 89' lang='lat' dir='ltr'>otio</span> <span class='ocrx_word' id='word_1_116' title='bbox 443 2816 503 2862; x_wconf 91' lang='lat' dir='ltr'>nou</span> <span class='ocrx_word' id='word_1_117' title='bbox 531 2797 614 2863; x_wconf 80' lang='lat' dir='ltr'>ineas</span> <span class='ocrx_word' id='word_1_118' title='bbox 639 2797 763 2862; x_wconf 87' lang='lat' dir='ltr'>uaoatio</span> <span class='ocrx_word' id='word_1_119' title='bbox 792 2797 948 2862; x_wconf 84' lang='lat' dir='ltr'>delectare</span> <span class='ocrx_word' id='word_1_120' title='bbox 971 2798 1074 2875; x_wconf 86' lang='lat' dir='ltr'>debet,</span> <span class='ocrx_word' id='word_1_121' title='bbox 1102 2797 1159 2863; x_wconf 90' lang='lat' dir='ltr'>sed</span> <span class='ocrx_word' id='word_1_122' title='bbox 1180 2803 1236 2863; x_wconf 85' lang='grc' dir='ltr'>ιιιιι</span> <span class='ocrx_word' id='word_1_123' title='bbox 1256 2798 1421 2881; x_wconf 84' lang='lat' dir='ltr'>inquisitio</span> 
     </span>
     <span class='ocr_line' id='line_1_15' title="bbox 290 2903 1421 2987; baseline -0.001 -19"><span class='ocrx_word' id='word_1_124' title='bbox 290 2908 345 2968; x_wconf 92' lang='lat' dir='ltr'>aut</span> <span class='ocrx_word' id='word_1_125' title='bbox 374 2903 514 2969; x_wconf 88' lang='lat' dir='ltr'>inuentio</span> <span class='ocrx_word' id='word_1_126' title='bbox 547 2903 702 2981; x_wconf 85' lang='lat' dir='ltr'>ueritatis,</span> <span class='ocrx_word' id='word_1_127' title='bbox 738 2906 776 2968; x_wconf 94' lang='lat' dir='ltr'>ut</span> <span class='ocrx_word' id='word_1_128' title='bbox 805 2903 837 2967; x_wconf 93' lang='lat' dir='ltr'>in</span> <span class='ocrx_word' id='word_1_129' title='bbox 869 2923 906 2969; x_wconf 91' lang='lat' dir='ltr'>ea</span> <span class='ocrx_word' id='word_1_130' title='bbox 937 2905 1070 2987; x_wconf 85' lang='lat' dir='ltr'>quiaque</span> <span class='ocrx_word' id='word_1_131' title='bbox 1101 2903 1244 2987; x_wconf 86' lang='lat' dir='ltr'>prolieiat</span> <span class='ocrx_word' id='word_1_132' title='bbox 1274 2907 1306 2968; x_wconf 90' lang='lat' dir='ltr'>et</span> <span class='ocrx_word' id='word_1_133' title='bbox 1336 2904 1421 2985; x_wconf 92' lang='lat' dir='ltr'>quod</span> 
     </span>
     <span class='ocr_line' id='line_1_16' title="bbox 289 3009 1469 3076; baseline 0.002 -3"><span class='ocrx_word' id='word_1_134' title='bbox 289 3011 444 3075; x_wconf 90' lang='lat' dir='ltr'>inuenerit</span> <span class='ocrx_word' id='word_1_135' title='bbox 465 3028 504 3074; x_wconf 91' lang='lat' dir='ltr'>no</span> <span class='ocrx_word' id='word_1_136' title='bbox 527 3010 616 3074; x_wconf 79' lang='lat' dir='ltr'>alteri</span> <span class='ocrx_word' id='word_1_137' title='bbox 639 3009 787 3075; x_wconf 89' lang='lat' dir='ltr'>inuideat.</span> <span class='ocrx_word' id='word_1_138' title='bbox 816 3010 851 3074; x_wconf 91' lang='lat' dir='ltr'>In</span> <span class='ocrx_word' id='word_1_139' title='bbox 875 3010 994 3076; x_wconf 80' lang='lat' dir='ltr'>actione</span> <span class='ocrx_word' id='word_1_140' title='bbox 1017 3030 1091 3075; x_wconf 88' lang='lat' dir='ltr'>uero</span> <span class='ocrx_word' id='word_1_141' title='bbox 1115 3029 1175 3075; x_wconf 92' lang='lat' dir='ltr'>non</span> <span class='ocrx_word' id='word_1_142' title='bbox 1198 3010 1348 3075; x_wconf 90' lang='lat' dir='ltr'>amandus</span> <span class='ocrx_word' id='word_1_143' title='bbox 1371 3012 1423 3074; x_wconf 91' lang='lat' dir='ltr'>est</span> <span class='ocrx_word' id='word_1_144' title='bbox 1442 3037 1469 3075; x_wconf 79' lang='lat' dir='ltr'>m</span> 
     </span>
     <span class='ocr_line' id='line_1_17' title="bbox 288 3116 1420 3200; baseline 0 -18"><span class='ocrx_word' id='word_1_145' title='bbox 288 3117 388 3182; x_wconf 88' lang='lat' dir='ltr'>honor</span> <span class='ocrx_word' id='word_1_146' title='bbox 418 3116 448 3181; x_wconf 92' lang='lat' dir='ltr'>in</span> <span class='ocrx_word' id='word_1_147' title='bbox 482 3117 540 3183; x_wconf 87' lang='lat' dir='ltr'>hae</span> <span class='ocrx_word' id='word_1_148' title='bbox 571 3116 640 3182; x_wconf 86' lang='lat' dir='ltr'>uita</span> <span class='ocrx_word' id='word_1_149' title='bbox 670 3116 738 3183; x_wconf 88' lang='lat' dir='ltr'>siue</span> <span class='ocrx_word' id='word_1_150' title='bbox 770 3116 920 3200; x_wconf 84' lang='lat' dir='ltr'>potentia,</span> <span class='ocrx_word' id='word_1_151' title='bbox 952 3116 1099 3200; x_wconf 89' lang='lat' dir='ltr'>quoniam</span> <span class='ocrx_word' id='word_1_152' title='bbox 1127 3116 1231 3183; x_wconf 92' lang='lat' dir='ltr'>omnia</span> <span class='ocrx_word' id='word_1_153' title='bbox 1257 3135 1337 3181; x_wconf 90' lang='lat' dir='ltr'>uana</span> <span class='ocrx_word' id='word_1_154' title='bbox 1360 3117 1420 3182; x_wconf 89' lang='lat' dir='ltr'>sub</span> 
     </span>
     <span class='ocr_line' id='line_1_18' title="bbox 290 3223 1421 3307; baseline -0.001 -18"><span class='ocrx_word' id='word_1_155' title='bbox 290 3224 367 3302; x_wconf 92' lang='lat' dir='ltr'>sole,</span> <span class='ocrx_word' id='word_1_156' title='bbox 395 3223 451 3289; x_wconf 87' lang='lat' dir='ltr'>sed</span> <span class='ocrx_word' id='word_1_157' title='bbox 478 3242 557 3306; x_wconf 89' lang='lat' dir='ltr'>opus</span> <span class='ocrx_word' id='word_1_158' title='bbox 584 3223 700 3306; x_wconf 91' lang='lat' dir='ltr'>ipsum,</span> <span class='ocrx_word' id='word_1_159' title='bbox 724 3224 808 3306; x_wconf 92' lang='lat' dir='ltr'>quod</span> <span class='ocrx_word' id='word_1_160' title='bbox 830 3243 885 3305; x_wconf 89' lang='lat' dir='ltr'>per</span> <span class='ocrx_word' id='word_1_161' title='bbox 906 3223 1039 3290; x_wconf 87' lang='lat' dir='ltr'>eundem</span> <span class='ocrx_word' id='word_1_162' title='bbox 1066 3224 1215 3289; x_wconf 88' lang='lat' dir='ltr'>bonorem</span> <span class='ocrx_word' id='word_1_163' title='bbox 1237 3223 1291 3288; x_wconf 89' lang='lat' dir='ltr'>uel</span> <span class='ocrx_word' id='word_1_164' title='bbox 1312 3227 1421 3307; x_wconf 88' lang='lat' dir='ltr'>poten·</span> 
     </span>
     <span class='ocr_line' id='line_1_19' title="bbox 289 3329 1421 3412; baseline 0 -19"><span class='ocrx_word' id='word_1_165' title='bbox 289 3330 366 3395; x_wconf 90' lang='lat' dir='ltr'>tiam</span> <span class='ocrx_word' id='word_1_166' title='bbox 394 3330 440 3408; x_wconf 89' lang='lat' dir='ltr'>fit,</span> <span class='ocrx_word' id='word_1_167' title='bbox 464 3329 491 3394; x_wconf 89' lang='lat' dir='ltr'>ai</span> <span class='ocrx_word' id='word_1_168' title='bbox 518 3333 602 3394; x_wconf 89' lang='lat' dir='ltr'>reete</span> <span class='ocrx_word' id='word_1_169' title='bbox 625 3329 726 3412; x_wconf 88' lang='lat' dir='ltr'>adque</span> <span class='ocrx_word' id='word_1_170' title='bbox 748 3329 872 3394; x_wconf 88' lang='lat' dir='ltr'>utiliter</span> <span class='ocrx_word' id='word_1_171' title='bbox 894 3330 938 3407; x_wconf 84' lang='lat' dir='ltr'>fit,</span> <span class='ocrx_word' id='word_1_172' title='bbox 965 3329 998 3394; x_wconf 92' lang='lat' dir='ltr'>id</span> <span class='ocrx_word' id='word_1_173' title='bbox 1021 3335 1080 3406; x_wconf 88' lang='lat' dir='ltr'>est,</span> <span class='ocrx_word' id='word_1_174' title='bbox 1102 3333 1140 3395; x_wconf 93' lang='lat' dir='ltr'>ut</span> <span class='ocrx_word' id='word_1_175' title='bbox 1161 3330 1267 3395; x_wconf 89' lang='lat' dir='ltr'>ualeat</span> <span class='ocrx_word' id='word_1_176' title='bbox 1289 3329 1328 3394; x_wconf 89' lang='lat' dir='ltr'>ad</span> <span class='ocrx_word' id='word_1_177' title='bbox 1352 3348 1421 3394; x_wconf 89' lang='lat' dir='ltr'>eam</span> 
     </span>
     <span class='ocr_line' id='line_1_20' title="bbox 291 3435 1420 3517; baseline -0.002 -17"><span class='ocrx_word' id='word_1_178' title='bbox 291 3436 425 3501; x_wconf 86' lang='lat' dir='ltr'>salutem</span> <span class='ocrx_word' id='word_1_179' title='bbox 457 3435 666 3511; x_wconf 88' lang='lat' dir='ltr'>subditorum,</span> <span class='ocrx_word' id='word_1_180' title='bbox 698 3453 778 3517; x_wconf 88' lang='lat' dir='ltr'>quae</span> <span class='ocrx_word' id='word_1_181' title='bbox 810 3435 983 3499; x_wconf 89' lang='lat' dir='ltr'>seeundum</span> <span class='ocrx_word' id='word_1_182' title='bbox 1014 3435 1117 3499; x_wconf 89' lang='lat' dir='ltr'>Deum</span> <span class='ocrx_word' id='word_1_183' title='bbox 1149 3439 1212 3510; x_wconf 74' lang='lat' dir='ltr'>ost:</span> <span class='ocrx_word' id='word_1_184' title='bbox 1244 3435 1325 3499; x_wconf 91' lang='lat' dir='ltr'>unde</span> <span class='ocrx_word' id='word_1_185' title='bbox 1357 3436 1420 3499; x_wconf 90' lang='lat' dir='ltr'>iam</span> 
     </span>
     <span class='ocr_line' id='line_1_21' title="bbox 290 3537 1469 3623; baseline 0.002 -18"><span class='ocrx_word' id='word_1_186' title='bbox 290 3540 434 3623; x_wconf 88' lang='lat' dir='ltr'>superius</span> <span class='ocrx_word' id='word_1_187' title='bbox 476 3538 720 3623; x_wconf 87' lang='lat' dir='ltr'>disputauimus.</span> <span class='ocrx_word' id='word_1_188' title='bbox 761 3540 893 3622; x_wconf 88' lang='lat' dir='ltr'>Propter</span> <span class='ocrx_word' id='word_1_189' title='bbox 933 3540 1016 3622; x_wconf 89' lang='lat' dir='ltr'>quod</span> <span class='ocrx_word' id='word_1_190' title='bbox 1052 3541 1098 3605; x_wconf 88' lang='lat' dir='ltr'>ait</span> <span class='ocrx_word' id='word_1_191' title='bbox 1132 3540 1308 3623; x_wconf 87' lang='lat' dir='ltr'>apostolus:</span> <span class='ocrx_word' id='word_1_192' title='bbox 1346 3537 1421 3618; x_wconf 83' lang='lat' dir='ltr'>Qui</span> <span class='ocrx_word' id='word_1_193' title='bbox 1438 3567 1469 3607; x_wconf 76' lang='lat' dir='ltr'>so</span> 
     </span>
     <span class='ocr_line' id='line_1_22' title="bbox 291 3645 1421 3730; baseline -0.001 -18"><span class='ocrx_word' id='word_1_194' title='bbox 291 3647 569 3730; x_wconf 80' lang='lat' dir='ltr'>episcopatum</span> <span class='ocrx_word' id='word_1_195' title='bbox 593 3645 809 3722; x_wconf 88' lang='lat' dir='ltr'>desiderat,</span> <span class='ocrx_word' id='word_1_196' title='bbox 837 3646 977 3728; x_wconf 80' lang='lat' dir='ltr'>bonum</span> <span class='ocrx_word' id='word_1_197' title='bbox 1001 3665 1099 3729; x_wconf 89' lang='lat' dir='ltr'>opus</span> <span class='ocrx_word' id='word_1_198' title='bbox 1123 3646 1340 3712; x_wconf 88' lang='lat' dir='ltr'>desiderat.</span> <span class='ocrx_word' id='word_1_199' title='bbox 1363 3646 1421 3711; x_wconf 82' lang='lat' dir='ltr'>Ex-</span> 
     </span>
     <span class='ocr_line' id='line_1_23' title="bbox 290 3751 1421 3836; baseline -0.001 -19"><span class='ocrx_word' id='word_1_200' title='bbox 290 3770 403 3836; x_wconf 88' lang='lat' dir='ltr'>ponere</span> <span class='ocrx_word' id='word_1_201' title='bbox 434 3752 537 3817; x_wconf 88' lang='lat' dir='ltr'>uoluit</span> <span class='ocrx_word' id='word_1_202' title='bbox 567 3752 643 3834; x_wconf 90' lang='lat' dir='ltr'>quid</span> <span class='ocrx_word' id='word_1_203' title='bbox 675 3751 718 3817; x_wconf 87' lang='lat' dir='ltr'>sit</span> <span class='ocrx_word' id='word_1_204' title='bbox 749 3753 960 3836; x_wconf 86' lang='lat' dir='ltr'>episcopatus,</span> <span class='ocrx_word' id='word_1_205' title='bbox 991 3752 1064 3835; x_wconf 91' lang='lat' dir='ltr'>qnia</span> <span class='ocrx_word' id='word_1_206' title='bbox 1091 3772 1202 3818; x_wconf 89' lang='lat' dir='ltr'>nomen</span> <span class='ocrx_word' id='word_1_207' title='bbox 1231 3756 1280 3818; x_wconf 89' lang='lat' dir='ltr'>est</span> <span class='ocrx_word' id='word_1_208' title='bbox 1306 3752 1421 3835; x_wconf 85' lang='lat' dir='ltr'>operis,</span> 
     </span>
     <span class='ocr_line' id='line_1_24' title="bbox 291 3856 1418 3938; baseline -0.001 -16"><span class='ocrx_word' id='word_1_209' title='bbox 291 3877 351 3924; x_wconf 91' lang='lat' dir='ltr'>nou</span> <span class='ocrx_word' id='word_1_210' title='bbox 382 3858 518 3924; x_wconf 91' lang='lat' dir='ltr'>honoris.</span> <span class='ocrx_word' id='word_1_211' title='bbox 552 3857 706 3924; x_wconf 84' lang='lat' dir='ltr'>Graecum</span> <span class='ocrx_word' id='word_1_212' title='bbox 739 3863 789 3922; x_wconf 86' lang='lat' dir='ltr'>est</span> <span class='ocrx_word' id='word_1_213' title='bbox 820 3858 903 3922; x_wconf 89' lang='lat' dir='ltr'>enim</span> <span class='ocrx_word' id='word_1_214' title='bbox 935 3856 1037 3938; x_wconf 90' lang='lat' dir='ltr'>adque</span> <span class='ocrx_word' id='word_1_215' title='bbox 1068 3858 1140 3923; x_wconf 88' lang='lat' dir='ltr'>inde</span> <span class='ocrx_word' id='word_1_216' title='bbox 1172 3858 1300 3922; x_wconf 80' lang='lat' dir='ltr'>ductum</span> <span class='ocrx_word' id='word_1_217' title='bbox 1329 3875 1418 3921; x_wconf 89' lang='lat' dir='ltr'>uoca-</span> 
     </span>
     <span class='ocr_line' id='line_1_25' title="bbox 290 3962 1421 4046; baseline -0.004 -16"><span class='ocrx_word' id='word_1_218' title='bbox 290 3964 411 4042; x_wconf 87' lang='lat' dir='ltr'>bulum,</span> <span class='ocrx_word' id='word_1_219' title='bbox 440 3964 523 4046; x_wconf 91' lang='lat' dir='ltr'>quod</span> <span class='ocrx_word' id='word_1_220' title='bbox 550 3964 604 4029; x_wconf 92' lang='lat' dir='ltr'>ille</span> <span class='ocrx_word' id='word_1_221' title='bbox 627 3964 681 4045; x_wconf 91' lang='lat' dir='ltr'>qui</span> <span class='ocrx_word' id='word_1_222' title='bbox 704 3963 882 4046; x_wconf 86' lang='lat' dir='ltr'>praeboitur</span> <span class='ocrx_word' id='word_1_223' title='bbox 904 3963 950 4028; x_wconf 87' lang='lat' dir='ltr'>eis</span> <span class='ocrx_word' id='word_1_224' title='bbox 978 3964 1094 4046; x_wconf 89' lang='lat' dir='ltr'>quibus</span> <span class='ocrx_word' id='word_1_225' title='bbox 1115 3962 1293 4046; x_wconf 80' lang='lat' dir='ltr'>praeficitur</span> <span class='ocrx_word' id='word_1_226' title='bbox 1315 3981 1421 4045; x_wconf 86' lang='lat' dir='ltr'>supar-</span> 
     </span>
     <span class='ocr_line' id='line_1_26' title="bbox 291 4058 1469 4154; baseline 0 -20"><span class='ocrx_word' id='word_1_227' title='bbox 291 4067 435 4150; x_wconf 87' lang='lat' dir='ltr'>inteudit,</span> <span class='ocrx_word' id='word_1_228' title='bbox 459 4088 564 4133; x_wconf 85' lang='lat' dir='ltr'>euram</span> <span class='ocrx_word' id='word_1_229' title='bbox 588 4068 710 4134; x_wconf 87' lang='lat' dir='ltr'>scilieet</span> <span class='ocrx_word' id='word_1_230' title='bbox 733 4087 841 4133; x_wconf 89' lang='lat' dir='ltr'>eorum</span> <span class='ocrx_word' id='word_1_231' title='bbox 865 4088 988 4152; x_wconf 78' lang='lat' dir='ltr'>gerens3</span> <span class='ocrx_word' id='word_1_232' title='bbox 1017 4058 1129 4140; x_wconf 67' lang='lat' dir='ltr'>monde</span> <span class='ocrx_word' id='word_1_233' title='bbox 1152 4070 1267 4154; x_wconf 90' lang='lat' dir='ltr'>quippe</span> <span class='ocrx_word' id='word_1_234' title='bbox 1289 4069 1421 4134; x_wconf 89' lang='lat' dir='ltr'>intentio</span> <span class='ocrx_word' id='word_1_235' title='bbox 1439 4093 1469 4134; x_wconf 84' lang='lat' dir='ltr'>ae</span> 
     </span>
     <span class='ocr_line' id='line_1_27' title="bbox 292 4173 1421 4258; baseline 0.001 -20"><span class='ocrx_word' id='word_1_236' title='bbox 292 4177 357 4249; x_wconf 77' lang='lat' dir='ltr'>eet3</span> <span class='ocrx_word' id='word_1_237' title='bbox 385 4192 459 4258; x_wconf 84' lang='lat' dir='ltr'>ergo</span> <span class='ocrx_word' id='word_1_238' title='bbox 486 4173 661 4254; x_wconf 72' lang='grc' dir='ltr'>ἐπισκοπεῖν,</span> <span class='ocrx_word' id='word_1_239' title='bbox 685 4174 712 4240; x_wconf 89' lang='lat' dir='ltr'>si</span> <span class='ocrx_word' id='word_1_240' title='bbox 735 4174 883 4251; x_wconf 89' lang='lat' dir='ltr'>uelimus,</span> <span class='ocrx_word' id='word_1_241' title='bbox 906 4175 1014 4239; x_wconf 88' lang='lat' dir='ltr'>Latine</span> <span class='ocrx_word' id='word_1_242' title='bbox 1038 4175 1289 4255; x_wconf 84' lang='lat' dir='ltr'>superintendere</span> <span class='ocrx_word' id='word_1_243' title='bbox 1310 4193 1421 4257; x_wconf 86' lang='lat' dir='ltr'>possu-</span> 
     </span>
     <span class='ocr_line' id='line_1_28' title="bbox 293 4279 1420 4364; baseline 0.001 -21"><span class='ocrx_word' id='word_1_244' title='bbox 293 4297 363 4343; x_wconf 90' lang='lat' dir='ltr'>mus</span> <span class='ocrx_word' id='word_1_245' title='bbox 396 4279 508 4357; x_wconf 87' lang='lat' dir='ltr'>dioere‚</span> <span class='ocrx_word' id='word_1_246' title='bbox 541 4282 578 4344; x_wconf 92' lang='grc' dir='ltr'>ιιι</span> <span class='ocrx_word' id='word_1_247' title='bbox 608 4279 774 4364; x_wconf 85' lang='lat' dir='ltr'>intellegat</span> <span class='ocrx_word' id='word_1_248' title='bbox 800 4299 859 4344; x_wconf 90' lang='lat' dir='ltr'>uon</span> <span class='ocrx_word' id='word_1_249' title='bbox 888 4299 922 4345; x_wconf 88' lang='lat' dir='ltr'>se</span> <span class='ocrx_word' id='word_1_250' title='bbox 945 4298 1016 4345; x_wconf 90' lang='lat' dir='ltr'>esse</span> <span class='ocrx_word' id='word_1_251' title='bbox 1039 4281 1232 4364; x_wconf 81' lang='lat' dir='ltr'>episcopum,</span> <span class='ocrx_word' id='word_1_252' title='bbox 1259 4281 1313 4363; x_wconf 93' lang='lat' dir='ltr'>qui</span> <span class='ocrx_word' id='word_1_253' title='bbox 1335 4299 1420 4362; x_wconf 87' lang='lat' dir='ltr'>prae·</span> 
     </span>
    </p>
   </div>
   <div class='ocr_carea' id='block_1_3' title="bbox 384 4451 786 4518">
    <p class='ocr_par' dir='ltr' id='par_1_3' title="bbox 384 4451 786 4518">
     <span class='ocr_line' id='line_1_29' title="bbox 384 4451 786 4518; baseline 0 -11"><span class='ocrx_word' id='word_1_254' title='bbox 384 4453 416 4507; x_wconf 87' lang='grc'>19</span> <span class='ocrx_word' id='word_1_255' title='bbox 435 4469 457 4507; x_wconf 90' lang='lat' dir='ltr'>o.</span> <span class='ocrx_word' id='word_1_256' title='bbox 476 4453 493 4506; x_wconf 88' lang='lat' dir='ltr'>e</span> <span class='ocrx_word' id='word_1_257' title='bbox 545 4452 580 4508; x_wconf 82' lang='lat'>20</span> <span class='ocrx_word' id='word_1_258' title='bbox 600 4455 623 4508; x_wconf 94' lang='lat' dir='ltr'>l.</span> <span class='ocrx_word' id='word_1_259' title='bbox 642 4451 709 4508; x_wconf 83' lang='lat' dir='ltr'>Tim.</span> <span class='ocrx_word' id='word_1_260' title='bbox 728 4453 753 4518; x_wconf 84' lang='lat'>3,</span> <span class='ocrx_word' id='word_1_261' title='bbox 774 4454 786 4507; x_wconf 95' lang='lat' dir='ltr'>l</span> 
     </span>
    </p>
   </div>
   <div class='ocr_carea' id='block_1_4' title="bbox 328 4576 1421 4682">
    <p class='ocr_par' dir='ltr' id='par_1_4' title="bbox 328 4576 1421 4682">
     <span class='ocr_line' id='line_1_30' title="bbox 328 4576 1421 4682; baseline 0.001 -51"><span class='ocrx_word' id='word_1_262' title='bbox 328 4576 500 4682; x_wconf 49' lang='lat' dir='ltr'>8oolibetup</span> <span class='ocrx_word' id='word_1_263' title='bbox 569 4576 684 4647; x_wconf 69' lang='lat' dir='ltr'>dueerel,</span> <span class='ocrx_word' id='word_1_264' title='bbox 703 4579 716 4631; x_wconf 92' lang='lat' dir='ltr'>t</span> <span class='ocrx_word' id='word_1_265' title='bbox 733 4593 849 4648; x_wconf 72' lang='lat' dir='ltr'>erae.,q</span> <span class='ocrx_word' id='word_1_266' title='bbox 910 4579 943 4633; x_wconf 87' lang='lat'>10</span> <span class='ocrx_word' id='word_1_267' title='bbox 962 4579 1074 4648; x_wconf 85' lang='lat' dir='ltr'>quisque</span> <span class='ocrx_word' id='word_1_268' title='bbox 1093 4577 1173 4631; x_wconf 86' lang='lat' dir='ltr'>debet</span> <span class='ocrx_word' id='word_1_269' title='bbox 1191 4593 1282 4631; x_wconf 77' lang='lat' dir='ltr'>essee</span> <span class='ocrx_word' id='word_1_270' title='bbox 1343 4579 1375 4632; x_wconf 82' lang='lat'>13</span> <span class='ocrx_word' id='word_1_271' title='bbox 1393 4579 1421 4632; x_wconf 93' lang='lat' dir='ltr'>in</span> 
     </span>
    </p>
   </div>
   <div class='ocr_carea' id='block_1_5' title="bbox 292 4690 1423 5289">
    <p class='ocr_par' dir='ltr' id='par_1_5' title="bbox 292 4690 1423 5289">
     <span class='ocr_line' id='line_1_31' title="bbox 294 4690 1421 4764; baseline 0 -18"><span class='ocrx_word' id='word_1_272' title='bbox 294 4708 352 4747; x_wconf 81' lang='lat' dir='ltr'>aere</span> <span class='ocrx_word' id='word_1_273' title='bbox 363 4709 382 4762; x_wconf 75' lang='lat' dir='ltr'>p</span> <span class='ocrx_word' id='word_1_274' title='bbox 434 4693 516 4754; x_wconf 89' lang='lat' dir='ltr'>ua,tio</span> <span class='ocrx_word' id='word_1_275' title='bbox 528 4709 559 4761; x_wconf 77' lang='lat' dir='ltr'>p,·</span> <span class='ocrx_word' id='word_1_276' title='bbox 578 4693 684 4746; x_wconf 86' lang='lat' dir='ltr'>uocatio</span> <span class='ocrx_word' id='word_1_277' title='bbox 703 4690 727 4746; x_wconf 90' lang='lat' dir='ltr'>e¹</span> <span class='ocrx_word' id='word_1_278' title='bbox 765 4695 797 4746; x_wconf 81' lang='lat'>15</span> <span class='ocrx_word' id='word_1_279' title='bbox 816 4710 849 4746; x_wconf 92' lang='lat' dir='ltr'>ne</span> <span class='ocrx_word' id='word_1_280' title='bbox 868 4693 946 4746; x_wconf 86' lang='lat' dir='ltr'>alteri</span> <span class='ocrx_word' id='word_1_281' title='bbox 966 4698 1086 4764; x_wconf 77' lang='lat' dir='ltr'>eoppa</span> <span class='ocrx_word' id='word_1_282' title='bbox 1103 4692 1421 4761; x_wconf 79' lang='lat' dir='ltr'>Domb.,·neonlte1ip,·</span> 
     </span>
     <span class='ocr_line' id='line_1_32' title="bbox 293 4779 1423 4851; baseline 0.003 -18"><span class='ocrx_word' id='word_1_283' title='bbox 293 4784 387 4834; x_wconf 85' lang='lat' dir='ltr'>teneat</span> <span class='ocrx_word' id='word_1_284' title='bbox 405 4784 434 4834; x_wconf 87' lang='lat' dir='ltr'>ot</span> <span class='ocrx_word' id='word_1_285' title='bbox 451 4779 530 4835; x_wconf 84' lang='lat' dir='ltr'>alteri</span> <span class='ocrx_word' id='word_1_286' title='bbox 548 4796 601 4834; x_wconf 90' lang='lat' dir='ltr'>non</span> <span class='ocrx_word' id='word_1_287' title='bbox 615 4797 643 4847; x_wconf 88' lang='lat' dir='ltr'>o,·</span> <span class='ocrx_word' id='word_1_288' title='bbox 662 4784 756 4835; x_wconf 67' lang='lat' dir='ltr'>teum</span> <span class='ocrx_word' id='word_1_289' title='bbox 772 4779 922 4835; x_wconf 85' lang='lat' dir='ltr'>inuideate</span> <span class='ocrx_word' id='word_1_290' title='bbox 957 4784 991 4835; x_wconf 83' lang='lat'>22</span> <span class='ocrx_word' id='word_1_291' title='bbox 1005 4789 1069 4851; x_wconf 80' lang='lat' dir='ltr'>poet</span> <span class='ocrx_word' id='word_1_292' title='bbox 1085 4798 1181 4835; x_wconf 88' lang='lat' dir='ltr'>nomen</span> <span class='ocrx_word' id='word_1_293' title='bbox 1201 4785 1244 4836; x_wconf 86' lang='lat' dir='ltr'>eet</span> <span class='ocrx_word' id='word_1_294' title='bbox 1259 4782 1423 4850; x_wconf 75' lang='lat' dir='ltr'>marqinolia</span> 
     </span>
     <span class='ocr_line' id='line_1_33' title="bbox 292 4868 1421 4940; baseline 0.002 -18"><span class='ocrx_word' id='word_1_295' title='bbox 292 4869 384 4938; x_wconf 76' lang='lat' dir='ltr'>pluero</span> <span class='ocrx_word' id='word_1_296' title='bbox 401 4869 442 4923; x_wconf 89' lang='lat' dir='ltr'>De</span> <span class='ocrx_word' id='word_1_297' title='bbox 461 4869 580 4939; x_wconf 82' lang='lat' dir='ltr'>episcopi</span> <span class='ocrx_word' id='word_1_298' title='bbox 599 4868 714 4923; x_wconf 85' lang='lat' dir='ltr'>nomine.</span> <span class='ocrx_word' id='word_1_299' title='bbox 734 4868 797 4938; x_wconf 90' lang='lat' dir='ltr'>quid</span> <span class='ocrx_word' id='word_1_300' title='bbox 817 4870 854 4922; x_wconf 88' lang='lat' dir='ltr'>sit</span> <span class='ocrx_word' id='word_1_301' title='bbox 872 4876 961 4924; x_wconf 61' lang='lat' dir='ltr'>aaran</span> <span class='ocrx_word' id='word_1_302' title='bbox 979 4871 1044 4940; x_wconf 78' lang='lat' dir='ltr'>inp</span> <span class='ocrx_word' id='word_1_303' title='bbox 1114 4871 1149 4923; x_wconf 78' lang='lat'>24</span> <span class='ocrx_word' id='word_1_304' title='bbox 1168 4870 1205 4923; x_wconf 84' lang='lat' dir='ltr'>eie</span> <span class='ocrx_word' id='word_1_305' title='bbox 1224 4869 1297 4939; x_wconf 89' lang='lat' dir='ltr'>quib.</span> <span class='ocrx_word' id='word_1_306' title='bbox 1315 4871 1421 4940; x_wconf 85' lang='lat' dir='ltr'>praelio.</span> 
     </span>
     <span class='ocr_line' id='line_1_34' title="bbox 295 4956 1423 5026; baseline 0.003 -17"><span class='ocrx_word' id='word_1_307' title='bbox 295 4972 345 5009; x_wconf 83' lang='lat' dir='ltr'>om.</span> <span class='ocrx_word' id='word_1_308' title='bbox 366 4971 380 5010; x_wconf 89' lang='lat' dir='ltr'>e</span> <span class='ocrx_word' id='word_1_309' title='bbox 467 4957 502 5010; x_wconf 83' lang='lat'>25</span> <span class='ocrx_word' id='word_1_310' title='bbox 521 4972 611 5010; x_wconf 85' lang='lat' dir='ltr'>eorum</span> <span class='ocrx_word' id='word_1_311' title='bbox 630 4956 768 5011; x_wconf 83' lang='lat' dir='ltr'>scilieeto</span> <span class='ocrx_word' id='word_1_312' title='bbox 837 4964 902 5026; x_wconf 80' lang='lat' dir='ltr'>poet</span> <span class='ocrx_word' id='word_1_313' title='bbox 920 4973 1015 5026; x_wconf 84' lang='lat' dir='ltr'>gerens</span> <span class='ocrx_word' id='word_1_314' title='bbox 1032 4957 1131 5012; x_wconf 75' lang='lat' dir='ltr'>inuitis</span> <span class='ocrx_word' id='word_1_315' title='bbox 1149 4957 1212 5011; x_wconf 83' lang='lat' dir='ltr'>libb.</span> <span class='ocrx_word' id='word_1_316' title='bbox 1230 4974 1290 5012; x_wconf 85' lang='lat' dir='ltr'>mee.</span> <span class='ocrx_word' id='word_1_317' title='bbox 1307 4975 1324 5012; x_wconf 88' lang='lat' dir='ltr'>o</span> <span class='ocrx_word' id='word_1_318' title='bbox 1341 4957 1423 5014; x_wconf 79' lang='lat' dir='ltr'>babet</span> 
     </span>
     <span class='ocr_line' id='line_1_35' title="bbox 296 5041 1423 5116; baseline 0.006 -22"><span class='ocrx_word' id='word_1_319' title='bbox 296 5041 336 5094; x_wconf 77' lang='lat' dir='ltr'>inl</span> <span class='ocrx_word' id='word_1_320' title='bbox 353 5044 452 5114; x_wconf 88' lang='lat' dir='ltr'>quippe</span> <span class='ocrx_word' id='word_1_321' title='bbox 471 5060 558 5114; x_wconf 83' lang='lat' dir='ltr'>super.</span> <span class='ocrx_word' id='word_1_322' title='bbox 638 5045 733 5105; x_wconf 75' lang='grc' dir='ltr'><strong>σκοπὸς</strong></span> <span class='ocrx_word' id='word_1_323' title='bbox 753 5046 882 5115; x_wconf 81' lang='lat' dir='ltr'>(seopoe)]</span> <span class='ocrx_word' id='word_1_324' title='bbox 900 5044 947 5114; x_wconf 79' lang='lat' dir='ltr'>epi</span> <span class='ocrx_word' id='word_1_325' title='bbox 963 5044 979 5098; x_wconf 95' lang='lat' dir='ltr'>b</span> <span class='ocrx_word' id='word_1_326' title='bbox 1050 5045 1160 5116; x_wconf 89' lang='lat' dir='ltr'>quippe]</span> <span class='ocrx_word' id='word_1_327' title='bbox 1179 5046 1307 5116; x_wconf 61' lang='lat' dir='ltr'>quiden</span> <span class='ocrx_word' id='word_1_328' title='bbox 1324 5063 1388 5101; x_wconf 87' lang='lat' dir='ltr'>uero</span> <span class='ocrx_word' id='word_1_329' title='bbox 1405 5065 1423 5101; x_wconf 84' lang='lat' dir='ltr'>o</span> 
     </span>
     <span class='ocr_line' id='line_1_36' title="bbox 295 5131 1422 5204; baseline 0.004 -19"><span class='ocrx_word' id='word_1_330' title='bbox 295 5131 484 5202; x_wconf 74' lang='lat' dir='ltr'>eoepiscopus</span> <span class='ocrx_word' id='word_1_331' title='bbox 503 5148 581 5202; x_wconf 78' lang='lat' dir='ltr'>orp,·</span> <span class='ocrx_word' id='word_1_332' title='bbox 599 5137 659 5202; x_wconf 77' lang='lat' dir='ltr'>epm</span> <span class='ocrx_word' id='word_1_333' title='bbox 679 5135 723 5198; x_wconf 93' lang='lat'>(=</span> <span class='ocrx_word' id='word_1_334' title='bbox 742 5132 906 5202; x_wconf 87' lang='lat' dir='ltr'>episcopum)</span> <span class='ocrx_word' id='word_1_335' title='bbox 922 5150 944 5202; x_wconf 86' lang='lat' dir='ltr'>p</span> <span class='ocrx_word' id='word_1_336' title='bbox 1001 5133 1262 5204; x_wconf 84' lang='lat' dir='ltr'>superintendentem</span> <span class='ocrx_word' id='word_1_337' title='bbox 1278 5152 1300 5204; x_wconf 85' lang='lat' dir='ltr'>p</span> <span class='ocrx_word' id='word_1_338' title='bbox 1341 5136 1372 5189; x_wconf 79' lang='lat'>27</span> <span class='ocrx_word' id='word_1_339' title='bbox 1393 5152 1422 5189; x_wconf 84' lang='lat' dir='ltr'>ee</span> 
     </span>
     <span class='ocr_line' id='line_1_37' title="bbox 296 5235 591 5289; baseline 0 -16"><span class='ocrx_word' id='word_1_340' title='bbox 296 5235 381 5289; x_wconf 78' lang='lat' dir='ltr'>onaq</span> <span class='ocrx_word' id='word_1_341' title='bbox 451 5235 509 5274; x_wconf 75' lang='lat' dir='ltr'>eene</span> <span class='ocrx_word' id='word_1_342' title='bbox 527 5235 591 5288; x_wconf 86' lang='lat' dir='ltr'>eep</span> 
     </span>
    </p>
   </div>
   <div class='ocr_carea' id='block_1_6' title="bbox 0 0 1623 6325">
    <p class='ocr_par' dir='ltr' id='par_1_6' title="bbox 0 0 1623 6325">
     <span class='ocr_line' id='line_1_38' title="bbox 0 0 1623 6325; baseline 0 0"><span class='ocrx_word' id='word_1_343' title='bbox 0 0 1623 6325; x_wconf 95' lang='lat' dir='ltr'> </span> 
     </span>
    </p>
   </div>
  </div>
 </body>
</html>
