3217 6325
224 1325 288 1388 352
563 1322 589 1377 S.
616 1322 770 1376 Aurelii
798 1321 1009 1391 Augustini

225 1514 367 1595 correpti,
394 1518 431 1578 ut
453 1533 562 1579 senum
585 1518 768 1597 rectumque
792 1516 923 1599 sapient,
950 1515 1104 1579 resistunt
1125 1515 1352 1580 contumaciter

225 1638 342 1701 suaque
368 1619 516 1702 pestifere
538 1624 570 1684 et
595 1620 756 1685 mortifera
782 1620 930 1705 dogmata
956 1620 1119 1685 emendare
1146 1621 1268 1696 nolunt,
1296 1622 1351 1686 sed

225 1723 383 1789 defensare
406 1723 588 1807 persistunt,
611 1726 759 1790 baeretici
778 1726 860 1791 liunt
881 1725 1012 1791 otiores
1031 1729 1180 1791 exeuntes
1197 1727 1354 1792 habentur

223 1830 254 1894 in
287 1831 499 1897 exercentibus
525 1831 670 1896 inimicis.
700 1832 803 1897 Etiam
832 1832 878 1897 sic
904 1833 1019 1915 quippe
1047 1833 1131 1897 ueris
1157 1832 1222 1896 illis
1246 1832 1353 1898 cetbe

223 1935 294 1999 licie
317 1936 463 2000 membris
488 1935 606 2001 Christi
632 1937 715 2002 malo
739 1957 797 2002 suo
820 1941 961 2021 prosunt,
990 1937 1064 2002 dum
1087 1938 1174 2002 Deus
1198 1939 1300 2002 utitur
1322 1945 1355 2003 et
1384 1958 1397 2001 ι

226 2040 315 2105 malis
347 2041 424 2106 bcbe
456 2044 488 2105 et
519 2040 768 2126 diligentibus
797 2061 879 2107 eum
902 2043 1295 2125 omniacooperentur
1317 2045 1353 2108 in

225 2146 366 2210 bonum.
398 2146 519 2211 Inimici
551 2148 632 2211 enim
660 2166 767 2212 omncs
794 2149 955 2223 ecclesiae,
983 2148 1126 2231 quolibet
1152 2167 1253 2213 errore
1287 2168 1353 2213 cae-

225 2255 334 2316 centur
359 2253 411 2324 uel
437 2252 559 2317 malitie
585 2253 802 2337 deprenentur,
832 2254 859 2319 si
887 2255 1045 2339 accipiunt
1073 2258 1264 2337 potestatem
1289 2274 1355 2319 cor·
1445 2274 1447 2277 ·

225 2357 372 2440 penaliter
392 2357 569 2443 adfligendi,
597 2362 740 2425 exercent
766 2360 834 2424 eius
863 2360 1060 2443 patientiam:
1085 2361 1112 2424 si
1136 2360 1354 2425 tantummodo

226 2462 306 2528 male
343 2463 504 2528 sentiendo
541 2464 754 2542 aduersantur,
790 2469 933 2531 exercent
966 2465 1034 2531 eius
1075 2466 1277 2548 sapientiem
1318 2470 1356 2530 ut
1372 2489 1397 2528 ιο

226 2571 330 2633 autem
358 2571 451 2634 etiem
479 2569 597 2635 inimici
625 2570 806 2656 diligentur,
835 2576 976 2636 exercent
1002 2572 1070 2636 eius
1102 2571 1355 2637 beneuolentiem

225 2676 392 2739 autetiam
410 2674 655 2752 beneficentiam,
675 2677 743 2741 siue
761 2677 909 2743 suadibili
929 2677 1071 2742 doctrina
1089 2696 1161 2742 cum
1180 2677 1226 2742 eis
1244 2679 1357 2761 agatur

226 2779 293 2844 siue
321 2780 452 2846 terribili
479 2780 652 2865 discipline.
681 2783 725 2847 bc
752 2801 807 2865 per·
828 2782 888 2850 boe
911 2781 1055 2847 diabolus
1082 2783 1227 2864 princeps
1250 2782 1355 2864 inpiae

225 2885 364 2951 ciuitatis
401 2886 551 2954 aduersus
587 2888 833 2971 peregrinantem
874 2887 905 2952 in
942 2888 1001 2952 boc
1038 2887 1154 2952 mundo
1178 2888 1355 2952 ciuitatem

225 2993 283 3056 Dei
314 3012 393 3057 uase
422 2992 546 3075 propria
575 2993 802 3058 commonendo
834 2993 912 3057 nibil
944 2992 972 3058 ei
1008 3012 1118 3058 nocere
1149 2993 1354 3075 permittitur,
1373 3008 1397 3048 ιε

226 3098 276 3162 cui
303 3098 412 3182 procul
439 3096 533 3162 dubio
562 3101 594 3162 et
620 3099 712 3164 rebus
739 3098 896 3182 prosperis
920 3097 1103 3178 consolatio,
1132 3104 1249 3178 utnon
1273 3098 1354 3164 iren-

228 3207 320 3288 gatur
345 3203 496 3279 aduersis,
524 3207 556 3269 et
577 3203 669 3269 rebus
693 3204 836 3269 aduersis
859 3204 1048 3281 exercitatio,
1076 3208 1194 3268 utnon
1217 3223 1354 3269 corrum-

226 3314 320 3392 peter
345 3309 511 3393 prosperis,
539 3329 594 3393 per
616 3309 754 3374 diuinam
778 3309 1006 3392 prouidentiam
1030 3314 1224 3392 procuratur,
1252 3309 1355 3392 adque

226 3414 272 3480 ita
302 3419 492 3498 temperatur
522 3418 689 3498 utrumque
722 3415 760 3479 ab
792 3415 952 3489 alterutro,
984 3419 1021 3479 ut
1050 3415 1082 3478 iu
1114 3415 1236 3499 psalmo
1265 3415 1356 3479 illem

227 3537 336 3585 uocem
359 3539 420 3584 non
444 3520 567 3586 aliunde
590 3538 797 3604 agnoscemus
821 3524 971 3586 exortam:
1001 3520 1207 3586 Secundum
1230 3520 1355 3585 multi-
1372 3537 1399 3577 ro

227 3625 392 3690 tudinem
417 3626 584 3691 dolorum
607 3645 767 3690 meorum
791 3627 825 3689 in
846 3627 954 3690 corde
973 3645 1051 3692 meo
1071 3625 1355 3693 consolationes

228 3736 312 3795 tneo
343 3731 643 3797 iucundeuernnt
675 3732 829 3795 animam
862 3751 986 3796 meam.
1017 3731 1099 3796 Hinc
1131 3734 1181 3797 est
1212 3735 1244 3795 et
1275 3731 1357 3796 illud

228 3836 377 3919 apostoli:
401 3838 469 3920 Spe
493 3837 708 3921 gaudentes,
731 3837 766 3900 in
790 3834 1038 3901 tribulatione
1062 3838 1261 3919 patientes.

271 3941 351 4006 Nam
383 3944 417 4006 et
440 3942 484 4020 id,
517 3941 601 4024 quod
628 3942 672 4006 eit
696 3942 781 4007 idem
809 3941 932 4006 doctor:
961 3941 1192 4024 Quicumque
1220 3941 1357 4006 uolunt

228 4045 262 4110 in
288 4047 437 4115 Christo
460 4046 519 4130 pie
543 4047 684 4124 uiuere,
707 4049 1008 4129 persecutionem
1031 4048 1237 4131 patiuntur,
1256 4047 1399 4112 nullisne

226 4152 398 4234 putandum
426 4154 475 4216 cst
501 4152 610 4217 deesse
632 4171 725 4235 posse
747 4152 954 4236 temporibus.
983 4150 1064 4231 Quia
1086 4155 1211 4217 etcum
1235 4152 1273 4216 ab
1297 4152 1356 4229 eis,

228 4259 282 4341 qui
308 4258 384 4323 foris
411 4263 494 4335 sunt,
523 4277 584 4323 non
606 4258 820 4323 saeuientibus
843 4259 969 4323 uidetur
996 4276 1065 4323 esse
1088 4256 1300 4339 tranquillitas
1323 4260 1357 4321 et

227 4382 352 4427 reuera
370 4365 419 4427 ost
435 4362 669 4446 plurimumque
688 4363 909 4427 consolationis
928 4362 1038 4439 adieri,
1056 4363 1188 4426 maxime
1205 4361 1354 4427 infirmis:

315 4550 426 4606 bRom.
444 4550 470 4614 8,
489 4551 524 4604 28
576 4549 782 4616 20.Ps.93,19
829 4550 1060 4614 23R0m.12,12
1109 4549 1264 4604 timim.
1279 4551 1304 4612 3.
1320 4551 1354 4604 12

265 4673 411 4729 lcorreoti
430 4672 482 4741 ep²
579 4673 669 4726 ieie
765 4677 829 4727 bet
845 4689 906 4740 cup.
924 4671 1008 4729 dieb
1116 4671 1222 4742 deum]
1241 4672 1355 4741 deump

228 4764 404 4832 cooperentur
422 4765 587 4830 uppem
609 4762 766 4830 cooperetur
784 4760 848 4829 bep
871 4759 969 4813 Domb.
1131 4759 1160 4812 ll
1186 4759 1353 4813 beniuolent.

229 4851 374 4921 abeppu
430 4849 461 4902 12
480 4842 723 4917 beneficientiemp
794 4846 1111 4903 doctrine....terribili
1129 4862 1209 4916 cmg
1273 4848 1304 4899 17
1324 4852 1354 4899 et

228 4938 306 4991 rebus
326 4936 445 4989 eduereis
464 4951 550 5003 om.p
635 4934 668 4989 18
687 4933 803 5005 prouid]
822 4933 1031 4987 misericordium
1044 4951 1067 5004 p
1155 4933 1190 4986 20
1207 4949 1352 5001 cognosce·

227 5042 285 5078 mus
299 5041 321 5093 p
376 5023 408 5075 21
430 5023 649 5091 consuletiouisp
702 5023 736 5076 22
754 5021 932 5089 iocundeu.p
1002 5025 1030 5074 et
1047 5035 1135 5088 orep
1184 5021 1354 5073 dictem

228 5113 262 5166 25
281 5113 420 5180 patiuntur
438 5109 514 5164 codd.
520 5129 530 5176 ,·
547 5111 683 5179 potientur
700 5126 715 5163 o
751 5110 785 5163 26
804 5109 837 5162 eb
857 5124 944 5175 orep
1033 5108 1067 5160 27
1088 5105 1230 5175 saeuiret]
1249 5105 1351 5159 iacien-

228 5199 337 5268 tibusp
390 5197 424 5251 28
443 5214 471 5251 re
489 5213 553 5251 uere
570 5197 636 5251 uffle
656 5202 731 5266 estp
