3217 6325
298 1280 387 1344 642,
636 1275 665 1332 S.
691 1276 844 1330 Aurelii
873 1276 1086 1345 Augustini

717 1468 853 1536 CAPUT
870 1469 1002 1534 ΧΧΙΙΙΙ.

298 1612 352 1678 De
382 1605 510 1689 bonis,
542 1611 688 1696 quibus
728 1611 848 1676 etiam
883 1609 980 1675 bano
1018 1610 1144 1675 uitam
1176 1608 1429 1676 damnationi

556 1716 760 1783 obnoxiam
785 1714 1162 1798 Creatorinpleuit

342 1858 408 1924 Iam
435 1874 516 1922 nune
538 1853 796 1921 considerandum
819 1858 867 1920 est
890 1854 970 1920 bano
991 1855 1092 1937 ipsum
1120 1855 1277 1922 miseriam
1301 1855 1429 1939 generis

299 1962 436 2042 bumeni,
459 1962 490 2026 in
514 1980 575 2046 qne
595 1959 742 2026 leniatur
762 1960 886 2026 iustitia
908 1961 1077 2044 punientis,
1105 1961 1251 2045 qualibus
1274 1966 1309 2026 et
1331 1980 1428 2046 quem
1457 1983 1471 2023 e

297 2068 407 2133 multis
433 2067 601 2151 inpleuerit
626 2066 716 2132 bonis
744 2067 886 2132 eiusdem
914 2067 1038 2132 bonitas
1068 2070 1182 2133 onnotn
1203 2085 1282 2151 qnae
1306 2068 1429 2134 creauit

298 2172 552 2239 administrantis.
577 2172 718 2237 Primum
744 2172 993 2238 benedictionem
1015 2172 1112 2245 illum.
1136 2192 1229 2256 quam
1251 2173 1428 2255 protulerat

299 2282 370 2344 unte
397 2281 561 2362 peooetnm
589 2276 711 2343 dinone:
744 2276 928 2343 (iresoite
956 2285 994 2343 et
1019 2278 1358 2361 multiplicamini
1387 2283 1428 2345 et

299 2385 457 2467 inpleto
486 2387 640 2459 terram,
672 2400 728 2448 neo
756 2390 828 2466 poet
854 2386 1019 2465 peceatum
1045 2384 1149 2448 uoluit
1174 2383 1314 2451 inhibere
1340 2404 1425 2451 man·

299 2490 403 2573 sitque
433 2489 465 2554 in
496 2488 592 2572 stirpe
624 2487 769 2553 damnets
794 2488 909 2554 donate
935 2488 1127 2565 inconditam
1160 2508 1216 2555 noo
1243 2489 1332 2555 illem
1359 2490 1425 2556 nim
1442 2509 1468 2551 re

299 2595 473 2662 mirabilem
496 2595 662 2673 seminum,
684 2594 781 2661 immo
804 2595 900 2660 otiam
923 2595 1144 2661 mirabiliorem
1167 2614 1228 2680 qna
1246 2595 1427 2662 efficiuntur

299 2706 333 2766 et
366 2700 495 2779 semina,
530 2699 661 2765 inditum
697 2700 879 2783 corporibus
915 2701 1059 2767 humanis
1095 2705 1127 2767 et
1161 2701 1296 2784 quodam
1330 2701 1425 2768 modo

298 2806 448 2872 intextum
470 2806 591 2888 pennati
614 2806 730 2870 uitium
752 2806 857 2888 potuit
878 2806 1008 2884 anferre,
1031 2826 1092 2891 quo
1115 2807 1206 2872 nobie
1228 2807 1354 2895 inpacta
1376 2812 1427 2874 eet

299 2912 394 2978 etiem
434 2912 603 2986 necessitas
637 2911 764 2988 mortis;
801 2911 858 2976 sed
888 2916 1058 2996 utrumque
1097 2913 1193 2978 simul
1229 2914 1327 2979 currit
1361 2913 1425 2979 isto

300 3017 391 3102 quari
421 3016 518 3083 fluuio
545 3016 645 3101 adque
671 3020 807 3084 torrente
834 3018 957 3102 generis
984 3018 1123 3095 hnmani,
1154 3018 1272 3085 melum
1300 3018 1385 3102 quod
1407 3035 1469 3085 an

300 3127 428 3210 parente
454 3122 599 3202 trabitur,
627 3126 660 3194 et
686 3122 804 3190 bonnm
832 3124 916 3207 quod
938 3144 957 3190 a
978 3129 1102 3192 ornante
1125 3125 1283 3192 tribuitur.
1306 3126 1341 3193 In
1366 3124 1427 3192 ori·

300 3229 398 3316 ginali
424 3229 506 3294 malo
533 3227 595 3293 duo
625 3232 709 3305 sunt,
731 3235 895 3312 peooetnm
918 3230 1019 3315 adque
1041 3233 1249 3316 supplicium
1276 3232 1309 3298 in
1332 3232 1425 3318 origi·

300 3335 363 3402 nali
389 3335 470 3401 bono
496 3333 558 3399 alia
583 3333 656 3406 dno.
683 3335 865 3420 propagatio
889 3340 921 3401 et
947 3336 1160 3403 oonformatio.
1189 3335 1251 3404 Sed
1273 3340 1426 3421 qnantum

299 3441 340 3507 ad
366 3442 561 3525 praesentem
587 3440 723 3524 pertinet
747 3441 952 3508 intentionem
979 3445 1127 3523 nostram,
1154 3442 1192 3508 de
1219 3442 1322 3521 melin,
1350 3462 1425 3526 quo

298 3566 368 3614 rum
385 3566 488 3613 unum
510 3545 548 3611 de
570 3549 677 3613 nostre
698 3546 787 3612 uenit
808 3545 950 3626 eudenio,
972 3546 1004 3612 id
1027 3552 1077 3613 eet
1097 3554 1270 3633 peecatum,
1289 3548 1424 3615 alterum
1442 3566 1468 3608 ro

300 3652 338 3719 de
364 3652 482 3720 iudicio
508 3651 578 3730 Dei,
605 3652 638 3718 11
665 3656 714 3719 est
739 3653 941 3737 supplicium,
967 3653 1030 3719 iam
1057 3654 1135 3720 eetie
1158 3655 1304 3721 birinum.
1331 3654 1423 3721 Nune

300 3756 338 3823 do
360 3757 451 3823 bonis
473 3757 542 3840 Dei,
567 3777 645 3843 qnae
667 3758 730 3842 ipsi
752 3777 877 3842 qnoque
900 3758 1030 3826 uitietae
1052 3759 1276 3845 demnateoque
1295 3764 1424 3827 naturae

299 3863 435 3930 eontulit
456 3865 525 3929 siue
548 3882 649 3948 usqne
672 3882 752 3930 nnno
775 3864 904 3943 oonfert,
927 3864 1028 3931 dioere
1049 3866 1184 3932 institui.
1207 3864 1317 3949 Neque
1340 3866 1422 3931 enim

299 3969 471 4036 damnando
494 3976 549 4036 ant
570 3973 674 4036 totum
695 3970 829 4036 abstulit
851 3969 934 4054 quod
952 3970 1089 4052 dederat
1107 3971 1246 4056 alioquin
1264 3991 1321 4038 nee
1339 3978 1425 4038 eeeot

298 4075 441 4151 omnino;
464 4077 520 4140 aut
542 4093 610 4140 eam
632 4073 768 4140 remouit
788 4093 807 4138 a
830 4094 888 4141 sna
904 4078 1070 4158 potestate,
1092 4076 1188 4142 etiam
1206 4093 1278 4141 oum
1297 4074 1422 4141 diabolo
1440 4095 1467 4138 ae

299 4179 470 4265 poenniiter
495 4178 644 4254 subdidit
674 4197 745 4245 enm
768 4197 826 4245 neo
850 4180 955 4263 ipsum
978 4180 1137 4246 dinbolum
1159 4198 1179 4247 a
1200 4200 1258 4247 suo
1281 4180 1425 4246 eliennrit

303 4285 449 4369 imperim
473 4284 596 4368 quando
618 4283 755 4368 quidem,
773 4289 811 4351 nt
827 4286 927 4370 ipsius
946 4306 1069 4371 quoqne
1088 4286 1204 4353 diaboli
1220 4292 1332 4352 natura
1350 4286 1424 4352 eub-

298 4391 401 4469 sietat‚
427 4391 482 4457 ille
504 4390 581 4456 inuit
601 4390 655 4475 qni
677 4405 800 4456 summe
824 4396 873 4457 eet
895 4395 927 4457 ot
948 4392 1024 4457 faoit
1048 4411 1118 4458 sese
1141 4391 1295 4476 quidquid
1316 4393 1423 4475 aliquo

300 4495 392 4570 modo
416 4501 474 4563 est

386 4722 404 4777 8
421 4721 488 4780 Gen.
508 4725 531 4784 1.
550 4723 584 4776 28

334 4862 487 4969 tssimplete
510 4880 643 4935 opppu,·
670 4847 771 4936 replete
794 4865 858 4920 beo
947 4865 980 4921 10
1005 4864 1137 4935 11111119ι
1234 4864 1267 4919 la
1293 4862 1421 4934 inditap

301 4978 333 5034 le
350 4978 487 5043 intextam.
505 4979 558 5033 mix
574 4996 610 5035 at.
628 4983 648 5034 2
664 4982 846 5049 superauerit,
863 4998 895 5050 p;
912 4981 1015 5039 intexta
1028 4997 1064 5050 p,·
1081 4980 1187 5035 intexto
1204 4997 1218 5035 e
1281 4979 1314 5034 19
1332 4980 1422 5034 inten-

298 5066 408 5131 u'onem,
425 5083 459 5123 ur.
478 5068 498 5120 2
515 5082 548 5121 oo·
564 5066 745 5122 interitionem
762 5082 840 5137 eurr,
859 5085 874 5123 a
956 5068 990 5123 22
1008 5069 1065 5139 ipre
1083 5085 1097 5122 a
1185 5067 1219 5123 11
1237 5066 1387 5122 1111111111
1403 5085 1423 5138 p

298 5151 459 5219 alienauerit
476 5167 492 5206 a
510 5168 593 5223 snop
664 5154 795 5210 alienaret
810 5174 828 5227 p
