3217 6325
559 1345 689 1409 414
1268 1342 1320 1395 S.
1376 1340 1688 1394 Aurelii
1742 1340 2174 1410 Augustini

555 1535 793 1602 Deinde
854 1539 1002 1619 post
1061 1534 1254 1599 uerba
1317 1534 1506 1598 huius
1562 1534 1744 1617 quasi
1799 1534 2036 1599 oraculi
2095 1554 2211 1599 sua
2263 1536 2402 1619 ipse
2458 1540 2830 1603 contexens:

554 1643 942 1709 ‘Piissimum
995 1642 1194 1724 igitur
1244 1640 1474 1717 uirum,
1538 1640 1765 1723 inquit,
1821 1660 1967 1705 eum
2021 1640 2180 1706 dixit
2231 1645 2300 1706 et
2343 1642 2479 1707 eius
2536 1644 2831 1720 animam,

559 1749 729 1814 sicut
780 1751 843 1813 et
889 1747 1152 1812 aliorum
1200 1746 1471 1830 piorum,
1526 1750 1675 1828 post
1719 1745 1963 1812 obitum
2009 1747 2462 1812 inmortalitate
2508 1750 2831 1832 dignatam

562 1860 629 1920 et
672 1855 831 1919 hanc
876 1853 1079 1918 colere
1127 1851 1518 1918 Christianos
1564 1853 1969 1936 ignorantes?
2000 1854 2561 1938 ‘Interrogantibus
2594 1860 2832 1936 autem,

558 1961 796 2045 inquit:
874 1958 1051 2039 Quur
1111 1977 1258 2042 ergo
1332 1958 1665 2023 damnatus
1739 1962 1884 2024 est?
1958 1959 2211 2026 oraculo
2284 1962 2609 2045 respondit
2680 1964 2830 2027 dea:
2894 1990 2918 2026 ε.

561 2069 801 2150 Corpus
865 2065 1118 2148 quidem
1190 2065 1670 2131 debilitantibus
1741 2067 2072 2132 tormentis
2146 2086 2395 2150 semper
2467 2069 2831 2152 obpositnm

559 2179 691 2244 est:
730 2173 946 2238 anima
978 2175 1190 2236 autem
1228 2172 1476 2255 piorum
1523 2172 1782 2237 caelesti
1820 2173 1953 2236 sedi
1990 2172 2241 2238 insidet.
2279 2174 2401 2238 Illa
2436 2193 2586 2239 uero
2624 2177 2835 2240 anima

560 2278 703 2344 aliis
777 2278 1103 2343 animabus
1176 2278 1453 2343 fataliter
1522 2277 1719 2355 dedit,
1791 2278 2019 2359 quibus
2097 2279 2227 2343 fata
2297 2298 2418 2343 non
2483 2280 2837 2346 adnuerunt

559 2383 817 2450 deorum
871 2383 1033 2448 dona
1087 2384 1365 2448 obtinere
1418 2402 1622 2467 neque
1669 2384 1896 2449 habere
1939 2384 2114 2449 Iouis
2161 2386 2513 2458 inmortalis
2567 2387 2830 2472 agnitio·

563 2509 726 2564 nem,
782 2508 985 2554 errore
1039 2489 1338 2572 inplicari.
1394 2488 1731 2573 Propterea
1784 2509 1933 2574 ergo
1989 2491 2085 2556 dis
2134 2492 2327 2568 exosi,
2384 2492 2551 2576 quia,
2600 2493 2834 2576 quibus
2878 2521 2924 2558 ιο

561 2596 691 2662 fato
737 2614 856 2660 non
902 2596 1025 2660 fuit
1067 2614 1253 2661 nosse
1298 2595 1501 2660 Deum
1550 2614 1665 2660 nec
1712 2597 1872 2660 dona
1916 2597 1993 2661 ab
2041 2597 2137 2662 dis
2184 2598 2486 2682 accipere,
2532 2598 2631 2664 his
2677 2599 2834 2663 fata-

563 2703 711 2767 liter
753 2701 927 2765 dedit
970 2702 1090 2765 iste
1138 2720 1340 2766 errore
1384 2701 1688 2783 inplicari.
1769 2702 1913 2785 Ipse
1958 2722 2107 2768 uero
2152 2703 2297 2786 pius
2347 2707 2413 2769 et
2454 2705 2516 2768 in
2564 2705 2833 2781 caelum,

563 2809 733 2873 sicut
790 2808 900 2890 pii,
966 2807 1295 2872 concessit.
1351 2808 1570 2889 Itaque
1626 2808 1793 2873 hunc
1848 2808 2100 2891 quidem
2156 2829 2276 2875 non
2340 2810 2833 2895 blasphemabis,

567 2912 962 2978 misereberis
1026 2917 1236 2978 autem
1301 2912 1621 2977 hominurn
1689 2914 2087 2992 dementiam,
2143 2935 2214 2981 ex
2268 2935 2342 2981 eo
2398 2918 2462 2981 iu
2508 2916 2600 2981 eis
2644 2916 2833 2982 facile

566 3036 988 3104 praecepsque
1031 3019 1429 3101 periculum.’
2870 3053 2919 3090 ιι.

658 3124 814 3206 Quis
874 3125 966 3191 ita
1028 3126 1266 3192 stultus
1332 3130 1447 3202 est,
1522 3130 1594 3191 ut
1667 3145 1785 3192 non
1858 3126 2188 3213 intellegat
2259 3132 2371 3194 aut
2442 3129 2517 3195 ab
2580 3129 2835 3195 homine

565 3232 794 3297 callido
866 3252 1065 3315 eoque
1129 3231 1500 3298 Christianis
1571 3233 2011 3299 inimicissimo
2085 3235 2238 3300 haec
2311 3237 2563 3301 oracula
2630 3236 2834 3302 fuisse

567 3337 834 3403 conficta
886 3341 1000 3402 aut
1042 3337 1304 3403 consilio
1350 3338 1542 3402 simili
1590 3340 1668 3403 ab
1722 3339 1965 3423 inpuris
2012 3339 2418 3406 daemonibus
2464 3342 2591 3406 ista
2633 3342 2835 3407 fuisse

565 3463 887 3528 responsa,
950 3448 1024 3511 ut
1084 3443 1348 3522 scilicet,
1413 3446 1707 3527 quoniam
1772 3445 2035 3510 laudant
2098 3446 2442 3526 Christum,
2504 3451 2838 3530 propterea

566 3550 899 3617 credantur
923 3551 1230 3616 ueraciter
1263 3550 1621 3633 uituperare
1659 3551 2051 3617 Christianos
2089 3550 2291 3636 adque
2327 3553 2436 3628 ita,
2474 3554 2529 3618 si
2567 3555 2834 3637 possint,
2871 3583 2926 3624 m

567 3657 985 3723 intercludant
1030 3657 1197 3721 uiam
1247 3656 1472 3722 salutis
1519 3660 1823 3734 aeternae,
1861 3657 1925 3722 in
1964 3677 2089 3741 qua
2123 3658 2197 3723 fit
2231 3659 2499 3742 quisque
2536 3659 2838 3726 Christia-

567 3767 732 3829 nus?
798 3761 961 3829 Suae
1025 3763 1253 3846 quippe
1308 3763 1568 3827 nocendi
1624 3764 1897 3829 astutiae
1955 3765 2315 3830 milleformi
2375 3766 2657 3831 sentiunt
2709 3786 2834 3831 non
2955 3754 2960 3760 ’

570 3887 710 3933 esse
764 3869 1161 3945 contrarium,
1219 3869 1271 3932 si
1328 3867 1619 3934 credatur
1670 3868 1761 3932 eis
1815 3869 2216 3935 laudantibus
2274 3871 2616 3949 Christum,
2682 3872 2833 3936 dum

569 3977 776 4039 tamen
841 3973 1129 4038 credatur
1190 3973 1375 4037 etiam
1444 3974 1946 4057 uituperantibus
2021 3975 2443 4052 Christianos;
2518 3981 2592 4040 ut
2663 3995 2833 4051 eum,

570 4081 678 4161 qui
723 4085 1059 4162 utrumque
1104 4078 1454 4145 crediderit.
1501 4080 1694 4143 talem
1741 4078 1974 4145 Christi
2018 4082 2250 4147 faciant
2301 4082 2712 4160 laudatorem,
2762 4103 2838 4148 ne
2874 4116 2928 4157 ,ι

569 4187 730 4251 uelit
789 4205 927 4251 esse
990 4185 1404 4259 Christianus,
1469 4204 1542 4248 ac
1605 4185 1701 4248 sic
1762 4187 2053 4268 quamuis
2108 4187 2185 4251 ab
2240 4187 2351 4252 illo
2404 4188 2701 4252 laudatus
2761 4190 2842 4252 ab

569 4293 838 4358 istorum
883 4296 1088 4382 tamen
1136 4290 1511 4354 daemonum
1559 4290 1878 4354 dominatu
1920 4310 2062 4356 eum
2102 4310 2221 4356 non
2259 4293 2484 4358 liberet
2515 4292 2842 4371 Christus;

572 4398 936 4481 praesertim
999 4396 1144 4478 quia
1205 4395 1294 4460 ita
1356 4395 1616 4461 laudant
1680 4396 2019 4473 Christum,
2086 4401 2178 4475 ut,
2235 4399 2525 4482 quisquis
2580 4400 2643 4464 in
2691 4419 2842 4464 eum

574 4505 761 4568 talem
855 4501 1204 4580 crediderit,
1296 4503 1498 4586 qualis
1589 4502 1665 4566 ab
1756 4503 1848 4567 eis
1936 4503 2348 4585 praedicatur,
2442 4505 2843 4571 Christianus

649 4872 674 4925 1
716 4887 830 4929 sna.
867 4887 935 4923 m.
975 4873 1014 4923 2
1046 4870 1410 4938 superscripto
1445 4869 1627 4930 uerba,
1658 4889 1699 4938 p
1818 4874 2107 4940 contegens
2145 4870 2193 4924 ε·
2302 4871 2335 4925 3
2373 4870 2651 4940 dignatam
2676 4872 2839 4926 codd.

566 4965 791 5030 praeter
826 4958 873 5023 b,
911 4959 972 5011 in
1007 4975 1112 5026 quo
1151 4957 1392 5027 dignam5
1433 4957 1688 5012 donatam
1725 4976 1755 5012 v
1900 4960 1929 5012 7
1967 4958 2095 5013 sede
2134 4977 2160 5028 ρ
2313 4976 2521 5029 semper
2557 4959 2766 5013 insidet
2799 4979 2839 5012 a

571 5049 609 5102 8
648 5047 967 5110 animalibus
1005 5064 1032 5101 e
1172 5046 1471 5109 fatabiliter
1507 5064 1534 5100 e
1659 5049 1691 5101 9
1729 5047 1970 5100 obtinere
2008 5047 2149 5100 dona
2184 5065 2215 5101 v
2344 5049 2403 5102 11
2447 5065 2479 5102 a
2514 5048 2620 5100 b²v
2764 5049 2840 5101 ab

575 5137 662 5196 iis,
695 5138 760 5189 in
795 5153 964 5206 marq.
1003 5153 1034 5189 a
1071 5135 1190 5197 diis,
1223 5153 1263 5205 p
1446 5138 1510 5190 14
1544 5135 1883 5205 miser-aberis
1920 5153 1948 5188 e
2128 5136 2190 5189 18
2229 5137 2497 5205 confilcta,
2534 5152 2569 5189 n
2605 5153 2766 5196 eras..
2800 5153 2839 5206 9

577 5227 684 5278 ista
729 5225 1048 5293 abeypv;
1094 5224 1174 5278 ita
1218 5242 1301 5293 ρα
1345 5224 1538 5279 Domb.
1750 5225 1820 5278 20
1863 5225 1982 5294 ista,
2029 5244 2054 5277 s
2100 5241 2258 5287 eras„
2299 5241 2335 5293 9
2543 5230 2764 5294 possent
2799 5242 2838 5293 9
