3217 6325
265 1253 330 1316 492
603 1250 629 1304 S.
657 1248 811 1303 Aurelii
837 1245 1054 1319 Augustini

266 1462 358 1527 quarn
382 1442 564 1524 peribunt.
587 1453 621 1507 ln
645 1442 780 1526 epistula
803 1459 925 1523 quoque
948 1440 1083 1523 apostoli
1106 1439 1201 1518 Petri,
1227 1438 1282 1504 ubi
1306 1458 1390 1521 eque

266 1542 433 1612 inundatus
470 1550 524 1630 qui
558 1553 633 1613 tunc
668 1552 735 1612 erut
764 1547 881 1629 perisse
913 1546 1015 1611 dictus
1047 1548 1098 1611 est
1126 1543 1271 1622 mundus,
1308 1545 1388 1609 eutis

265 1652 382 1718 clarum
405 1657 463 1732 est,
487 1658 519 1719 et
541 1673 619 1737 quae
642 1672 713 1737 pars
731 1653 840 1717 mundi
858 1656 961 1718 stote
980 1651 1164 1737 significate,
1183 1654 1216 1715 et
1231 1654 1389 1733 quatenus

265 1759 382 1841 perisse
405 1760 447 1824 sit
469 1760 561 1835 dicta,
585 1764 618 1824 et
640 1760 694 1841 qui
716 1759 794 1824 caeli
816 1759 946 1841 repositi
968 1759 1033 1843 igni
1055 1756 1234 1822 reseruundi
1251 1756 1283 1821 in
1302 1755 1388 1820 diem

263 1864 372 1930 iudicii
394 1869 426 1929 et
447 1865 627 1946 perditionis
650 1865 811 1930 hominum
833 1863 1001 1948 inpiorum
1026 1867 1059 1928 et
1079 1864 1110 1928 in
1134 1882 1170 1929 eo
1189 1860 1273 1946 quod
1290 1861 1387 1945 paulo
1420 1887 1435 1928 s

264 1973 336 2052 post
357 1971 414 2035 eit:
438 1972 570 2035 Veniet
588 1971 665 2035 dies
684 1969 832 2037 Domini
850 1976 892 2035 ut
909 1970 976 2044 lur,
1000 1970 1034 2033 in
1053 1988 1124 2052 quo
1143 1967 1237 2033 caeli
1255 1986 1387 2050 magno

264 2076 393 2157 inpetu
420 2080 685 2154 transcurrent,
714 2077 898 2141 elemento
924 2082 1047 2141 eutem
1074 2074 1242 2140 ardentis
1272 2072 1387 2138 resol-

264 2192 408 2259 uentur,
433 2188 469 2248 et
490 2187 588 2248 terra
611 2187 647 2248 et
669 2201 760 2265 quae
783 2183 818 2248 in
841 2182 923 2265 ipsc
941 2185 1027 2248 sunt
1045 2201 1154 2266 opera
1171 2182 1386 2255 exurentur;

263 2306 299 2352 ac
335 2289 444 2355 deinde
480 2290 629 2355 subiecit:
665 2289 732 2354 His
768 2289 938 2355 omnibus
975 2288 1217 2370 pereuntibus
1253 2285 1386 2371 quales

263 2399 410 2477 oportet
432 2415 513 2461 esse
536 2399 624 2461 uos?
645 2398 781 2480 possunt
802 2395 851 2460 illi
873 2396 951 2461 caeli
973 2394 1115 2478 intellegi
1136 2393 1276 2477 perituri,
1305 2410 1385 2474 quos
1406 2418 1431 2455 ιο

263 2499 340 2565 dixit
360 2503 513 2585 repositos
536 2502 602 2586 igni
618 2502 832 2582 reseruandos,
851 2506 884 2567 et
902 2499 962 2589 [en]
979 2503 1132 2567 elementa
1149 2500 1248 2583 nccipi
1266 2517 1379 2565 ursuru

262 2623 341 2688 quae
363 2608 394 2672 in
417 2607 476 2672 hec
497 2608 560 2673 ima
582 2608 690 2673 mundi
717 2610 804 2692 perte
828 2608 1006 2674 subsistunt
1026 2605 1201 2690 procellose
1223 2608 1255 2671 et
1276 2604 1386 2669 turbu·

261 2710 356 2783 lenta.
383 2713 413 2778 in
441 2733 501 2796 qun
528 2715 655 2781 eosdem
682 2715 785 2779 caelos
813 2714 890 2779 dixit
912 2733 982 2779 esse
1004 2714 1169 2798 repositos,
1197 2710 1296 2776 suluis
1319 2708 1385 2774 illis

262 2818 472 2901 superioribus
505 2827 537 2885 et
566 2821 599 2885 in
634 2840 692 2886 suc
726 2820 905 2904 integritate
940 2820 1148 2895 monentibus,
1182 2819 1214 2883 in
1250 2834 1385 2900 quorum

257 2921 455 2995 firmamento
479 2929 554 2990 sunt
576 2926 678 2992 sidera
700 2927 881 2992 constitute
908 2926 989 2991 Nem
1016 2928 1049 2991 et
1073 2925 1154 2990 illud
1182 2924 1266 3008 quod
1287 2923 1384 3005 scrip
1403 2939 1429 2980 ιι

261 3033 329 3094 tum
357 3035 414 3110 ost,
442 3031 549 3098 stelles
577 3034 615 3098 de
647 3034 732 3098 coelo
763 3052 833 3097 esse
866 3052 1003 3109 casurus,
1032 3036 1153 3116 praeter
1175 3029 1258 3113 quod
1280 3030 1387 3111 potest

260 3134 362 3202 multo
384 3137 576 3220 probabilius
599 3141 632 3205 et
653 3140 743 3205 aliter
764 3140 917 3224 intellegi,
940 3140 1041 3226 magis
1065 3137 1201 3206 ostendit
1221 3152 1386 3213 mansuros

260 3260 331 3308 esse
361 3243 434 3309 illos
465 3246 580 3322 caelos,
612 3247 639 3311 si
666 3249 770 3310 temen
799 3246 908 3311 stellae
935 3246 1006 3312 inde
1033 3264 1161 3311 cesurae
1192 3246 1278 3319 sunt;
1311 3260 1385 3307 cum

260 3349 313 3412 uel
342 3351 462 3433 tropice
489 3352 532 3417 sit
556 3352 684 3429 locutio,
708 3352 791 3434 quod
815 3361 864 3417 est
891 3352 1081 3430 credibilius,
1105 3351 1156 3417 uel
1181 3351 1213 3415 iu
1235 3349 1298 3414 isto
1320 3349 1384 3412 imo

261 3455 346 3519 cuelo
372 3455 512 3520 futurum
536 3458 587 3534 sit,
615 3458 724 3540 utique
750 3458 925 3522 mirabilius
950 3477 1041 3540 quam
1063 3474 1145 3522 nunc
1167 3455 1212 3520 tit
1240 3452 1330 3522 Unde
1352 3456 1386 3519 et
1402 3474 1429 3516 so

260 3559 315 3625 illu
337 3561 429 3626 stelle
450 3562 630 3648 Vergiliana

490 3707 582 3768 fecem
606 3710 712 3768 ducens
735 3710 910 3769 multatum
932 3711 995 3769 lnce
1017 3708 1151 3778 cucurrit,

260 3846 293 3907 et
318 3842 412 3908 Idaea
439 3864 472 3910 se
495 3846 634 3910 condidit
656 3847 746 3914 silua.
771 3848 840 3913 Hoc
863 3852 968 3912 autem
991 3847 1074 3931 quod
1096 3846 1134 3911 de
1156 3845 1278 3930 psalmo
1301 3863 1385 3910 com·

259 3950 440 4029 memoraui,
467 3952 589 4016 nullum
617 3954 773 4018 caelorum
800 3953 927 4018 uidetur
951 3954 1135 4036 relinquere,
1163 3950 1247 4035 quod
1268 3950 1386 4035 peritu-

259 4074 329 4119 rum
362 4075 431 4123 esse
462 4077 522 4124 non
555 4057 672 4125 dixerit
705 4059 767 4124 Ubi
794 4060 876 4124 enim
905 4058 1033 4124 dicitur:
1065 4058 1183 4140 Opera
1212 4076 1383 4122 munuum
1401 4081 1428 4123 ss

260 4165 407 4227 tuarum
435 4169 522 4228 sunt
551 4164 655 4241 caeli,
687 4165 761 4248 ipsi
792 4166 977 4248 peribunt,
1006 4184 1097 4248 quam
1125 4163 1248 4229 nullum
1275 4181 1383 4227 eorum

260 4267 299 4332 nb
331 4286 421 4350 opere
453 4268 521 4346 Dei,
557 4273 622 4334 tum
654 4270 775 4336 nullum
811 4290 919 4336 eorum
950 4291 968 4336 e
998 4270 1170 4355 perditione
1201 4268 1382 4333 secernitur.

260 4371 329 4437 Non
363 4375 445 4438 enirn
482 4375 691 4460 dignabuntur
727 4376 764 4441 de
799 4376 884 4442 Petri
920 4376 1054 4461 apostoli
1084 4376 1253 4452 locutione,
1289 4393 1383 4457 quem

349 4634 407 4687 12.
426 4634 497 4690 Petr.
516 4634 576 4694 3,ss
657 4635 728 4690 tib.
747 4636 772 4700 3,
793 4637 826 4691 10
845 4653 883 4706 sq.
965 4637 1124 4697 1th.24.
1144 4637 1178 4692 29
1248 4635 1381 4708 22Verg.

260 4719 451 4784 Aen.11‚694

296 4863 404 4917 lPetri
423 4864 571 4933 apostolic
619 4865 816 4924 ddiclssito
866 4868 898 4922 10
917 4885 965 4922 uos
984 4884 1075 4922 essee
1120 4869 1150 4922 11
1171 4869 1382 4939 neomsbepp

262 4951 295 5006 12
314 4967 344 5004 nc
362 4951 469 5021 turbp
541 4954 574 5007 13
593 4955 729 5023 positosb
803 4957 835 5010 18
854 4956 940 5010 caelos
959 4956 1043 5010 om.b
1115 4957 1150 5010 20
1168 4956 1273 5010 suturae
1292 4958 1381 5012 sintb

260 5041 292 5093 21
313 5039 394 5092 stelle
411 5039 511 5110 Vergil.
530 5059 606 5106 ores.,·
623 5043 697 5113 Virg.
717 5045 830 5098 stellet
875 5046 908 5097 24
927 5044 1057 5098 caelumb
1101 5046 1135 5098 ‘25
1155 5045 1262 5114 dicitur]
1281 5044 1381 5114 diritp

259 5128 294 5181 26
314 5144 404 5181 eorum
422 5128 455 5182 nb
475 5147 552 5198 opere
571 5131 621 5184 Dei
638 5135 693 5185 tam
711 5132 813 5186 nullum
830 5148 923 5190 ¹eorum
941 5148 982 5186 om
1010 5131 1026 5184 b
1079 5133 1112 5186 27
1132 5131 1283 5200 perniclone
1300 5133 1317 5187 b
