3217 6325
241 1255 304 1318 516
574 1251 601 1306 3.
627 1251 778 1306 Aurelii
804 1249 1016 1321 Augustini

238 1444 282 1509 sit
310 1444 342 1507 in
370 1463 505 1529 corpore,
537 1462 608 1509 eum
636 1444 740 1528 ulique
766 1462 863 1510 ceusu
888 1444 980 1509 etism
1008 1445 1160 1511 inuisibili
1181 1445 1282 1510 tristis
1305 1449 1355 1511 est

237 1550 307 1633 ipss
327 1567 454 1633 corpore
475 1544 638 1626 incolumi;
664 1549 749 1615 dolet
771 1551 865 1634 etiem
887 1569 947 1616 non
970 1550 1001 1615 in
1024 1569 1149 1634 corpore
1167 1550 1351 1623 consutum:

237 1674 308 1720 num
334 1657 443 1739 utique
470 1656 596 1745 dolebat
621 1656 709 1722 dines
735 1656 789 1722 ille
815 1660 893 1739 spnt
917 1656 1041 1734 inferos,
1070 1656 1192 1740 qunndo
1214 1656 1352 1723 dicebat:

237 1762 390 1829 Orneior
416 1763 452 1827 iu
480 1763 545 1828 bec
571 1758 729 1829 flemme
758 1762 880 1847 Corpus
906 1766 1012 1828 enum
1033 1781 1090 1828 nse
1108 1763 1246 1829 euenime
1267 1762 1354 1828 dolet

236 1887 292 1933 nec
323 1868 493 1934 unimetnm
520 1869 586 1935 sins
613 1869 716 1934 enims
742 1867 836 1934 dolet.
867 1867 902 1935 Si
928 1887 1002 1953 ergo
1024 1888 1043 1934 n
1064 1868 1169 1935 dolone
1190 1887 1352 1954 argumen-
1380 1892 1394 1933 s

235 1977 303 2038 tum
326 1977 409 2039 recte
431 1977 607 2040 sumeretur
624 1973 664 2039 ed
682 1976 824 2055 mortem,
841 1974 965 2041 ntideo
983 1992 1067 2039 mors
1083 1974 1186 2058 possit
1201 1974 1351 2052 occidere,

235 2081 309 2163 quis
337 2080 442 2165 potuit
471 2080 609 2147 accidere
636 2084 668 2147 ot
695 2081 792 2159 dolor,
823 2081 923 2165 megin
953 2080 994 2146 sd
1019 2081 1154 2146 enimam
1184 2081 1352 2163 pertineret

234 2186 323 2264 mori,
346 2185 385 2250 ud
408 2206 500 2268 quem
522 2187 622 2270 magis
645 2188 780 2270 pertinet
801 2188 834 2251 et
855 2185 970 2253 dolere.
993 2186 1073 2253 Cum
1090 2205 1165 2252 uero
1182 2188 1248 2263 ills,
1271 2206 1351 2270 quse

234 2293 334 2378 magis
365 2292 468 2358 dolere
494 2296 609 2376 potest,
639 2312 700 2358 non
726 2292 829 2376 possit
855 2293 943 2371 mori,
974 2292 1050 2375 qnid
1078 2293 1225 2359 momenti
1251 2293 1352 2358 edient

233 2418 314 2481 quur
343 2398 399 2463 ills
428 2415 567 2481 corpore,
599 2399 744 2482 quonism
774 2399 882 2467 futuru
912 2403 986 2465 sunt
1014 2399 1046 2464 in
1078 2397 1248 2476 doloribus,
1279 2398 1350 2465 ideo
1367 2422 1394 2463 se

233 2504 327 2569 etium
349 2506 499 2570 moriture
520 2522 590 2570 esse
613 2505 796 2571 credemus?
818 2504 970 2571 Diremit
991 2505 1116 2588 quidem
1138 2505 1293 2572 Pictonici
1314 2525 1351 2572 er

231 2610 360 2675 terrenis
392 2611 570 2693 corporibus
602 2610 856 2693 moribundisque
886 2611 1034 2677 membris
1065 2629 1136 2676 esse
1166 2611 1288 2676 enimse
1319 2616 1352 2677 et

231 2720 369 2781 metuere
397 2720 429 2781 et
454 2735 565 2800 cnpers
588 2720 621 2782 et
643 2716 747 2782 dolere
773 2716 875 2801 rdqns
897 2716 1045 2801 gunderep
1072 2716 1154 2781 nnde
1175 2716 1348 2802 Vergilius:

231 2823 330 2898 ‘Hine
353 2822 464 2905 inquit,
488 2820 534 2907 (id
556 2824 606 2888 est
627 2841 664 2887 sn
685 2821 879 2888 moribundis
901 2822 1013 2888 terreni
1030 2822 1167 2907 corporis
1184 2823 1348 2910 membris)

230 2931 375 2994 metuunt
395 2928 599 3013 cupiuntque,
622 2928 729 2994 dolent
750 2928 960 3013 gaudentque.
993 2928 1055 2995 Sed
1077 2928 1272 2995 conuieimus
1294 2948 1348 2996 eos
1366 2950 1392 2991 rs

229 3036 260 3100 in
292 3034 474 3100 duodecimo
505 3034 599 3100 buius
631 3035 733 3120 operis
763 3035 855 3114 libro,
885 3035 999 3101 bebere
1025 3035 1142 3101 enimes
1175 3036 1348 3102 secundnm

227 3142 313 3226 ipsos
332 3141 370 3207 sb
389 3140 473 3207 omui
490 3141 583 3207 edum
603 3142 741 3224 corporis
762 3142 833 3208 labe
851 3144 999 3227 purgatus
1017 3141 1115 3207 dirum
1133 3141 1348 3227 cupiditatem,

229 3267 307 3332 quae
337 3267 446 3314 snmus
476 3248 630 3330 incipiunt
659 3249 705 3339 in
723 3267 851 3333 corpore
882 3248 963 3315 nelle
992 3249 1118 3315 reuerti.
1149 3246 1211 3316 Ubi
1242 3253 1348 3315 eutem

227 3357 428 3437 potestesse
455 3352 621 3436 cupidius,
647 3354 787 3438 proiecto
815 3356 909 3420 etism
936 3355 1024 3422 dolor
1049 3359 1164 3440 potest.
1186 3352 1349 3422 Frustrntu

227 3461 341 3544 qnippe
372 3459 538 3542 cupiditas,
574 3460 642 3524 sine
673 3479 732 3525 non
767 3461 975 3545 perueniendo
1002 3480 1063 3544 qno
1094 3462 1249 3542 tendebat,
1279 3463 1347 3528 sine
1363 3477 1389 3518 κ

227 3564 398 3630 emittendo
425 3583 486 3647 qno
507 3569 700 3647 peruenerat,
729 3566 862 3631 uertitur
883 3567 914 3631 in
932 3567 1079 3633 dolorem.
1102 3567 1297 3652 Quapropter
1318 3569 1346 3634 si

227 3670 338 3750 enimn,
369 3688 448 3754 qnae
479 3671 532 3735 uel
558 3670 625 3735 sole
651 3671 704 3736 nei
730 3671 863 3737 menime
886 3671 981 3755 dolet,
1007 3673 1103 3739 hebet
1124 3675 1229 3738 tumen
1252 3694 1348 3759 qnan-

227 3776 297 3841 dem
320 3795 375 3858 pro
398 3795 454 3841 sno
478 3775 570 3842 modo
593 3775 849 3842 inmortalitstem
873 3797 973 3856 suem,
997 3798 1057 3844 non
1074 3779 1243 3845 ideomori
1258 3785 1347 3864 pote-

225 3885 299 3949 runt
320 3882 374 3953 illu
396 3900 533 3965 corpore,
557 3882 630 3965 quis
652 3882 810 3949 dolebunt.
833 3883 996 3950 Postremo
1019 3885 1047 3951 si
1069 3905 1196 3968 corpore
1217 3886 1345 3966 fuciunt,

225 3993 263 4054 ut
288 3990 408 4055 enimes
435 3980 569 4068 doleant,
602 4007 681 4069 quur
708 3989 753 4054 eis
781 3989 919 4055 dolorem
945 3995 1088 4075 possunt
1114 3996 1247 4058 mortem
1269 4013 1344 4060 nero
1361 4007 1388 4052 ¹⁸

225 4095 337 4160 inferre
360 4113 420 4160 uon
442 4098 583 4177 possunt,
606 4095 665 4159 uisi
688 4096 761 4178 quia
783 4114 844 4160 non
868 4100 917 4163 est
938 4115 1139 4181 consequens,
1157 4100 1196 4165 nt
1211 4103 1345 4166 moriem

225 4199 319 4264 societ
340 4199 425 4282 qnod
447 4199 584 4265 dolorem
608 4200 704 4265 feeit?
727 4198 816 4280 Quur
837 4220 910 4285 ergo
927 4202 1108 4269 incredibile
1126 4208 1176 4270 est
1192 4205 1239 4269 its
1254 4205 1344 4289 ignes

225 4304 288 4371 illis
311 4305 492 4389 corporibus
516 4306 653 4372 dolorem
675 4325 769 4389 posse
791 4308 913 4388 inferre,
935 4328 995 4374 non
1013 4314 1155 4389 mortem,
1174 4311 1344 4395 sicutipse

224 4429 352 4495 corpore
382 4411 484 4477 dolere
516 4412 634 4478 enimes
665 4413 792 4493 fuciunt,
826 4432 902 4498 quus
934 4418 1036 4481 tumen
1067 4435 1127 4483 nou
1157 4417 1228 4484 ideo
1264 4419 1343 4484 mori

224 4735 263 4790 vl
290 4651 326 4791 74
343 4650 387 4704 Lc.
408 4650 449 4718 13,
467 4652 501 4706 24
555 4652 588 4707 14
605 4652 670 4707 Aen.
691 4652 736 4719 vl,
755 4652 806 4709 733
867 4655 1168 4722 16L.11111c3;5
1223 4657 1258 4713 18
1273 4657 1341 4712 Aen.

264 4778 270 4800 ,
307 4738 341 4792 20
359 4754 398 4808 sq.

259 4860 494 4932 linuisibiliterp
556 4866 643 4920 2non
662 4867 702 4936 iu]
721 4867 813 4921 sineb
866 4867 936 4923 8sd
955 4886 1042 4939 quum,
1060 4869 1095 4923 sd
1112 4885 1146 4924 cs
1163 4873 1211 4925 sut
1229 4886 1342 4940 norm

225 4950 257 5002 16
275 4946 430 5003 duodecimo
452 4967 528 5018 mee.,·
549 4956 644 5022 quarto
668 4953 803 5010 decimos
826 4957 1007 5027 (deperiisse
1026 4958 1084 5027 ipse
1100 4974 1205 5013 mneos
1220 4959 1340 5024 uidetur)

223 5035 255 5088 21
275 5036 298 5089 si
316 5037 401 5093 em.b
462 5039 496 5093 23
513 5040 692 5110 potneruntb
750 5044 784 5097 24
802 5042 930 5105 dolebunt
947 5044 1008 5099 e¹b·
1053 5046 1087 5100 23
1105 5062 1270 5116 consequens
1287 5063 1340 5100 non

222 5127 296 5178 esto
348 5125 381 5178 27
399 5125 470 5193 ignis
488 5126 541 5196 ὑφ’
592 5128 626 5183 29
643 5133 733 5183 tumen
752 5131 908 5202 abepprp
925 5137 1057 5189 tormsnte
1074 5153 1088 5204 ρ
1106 5135 1202 5190 Dosrb.
