3217 6325
276 1329 340 1392 302
617 1324 644 1377 S.
670 1322 824 1376 Aurelii
849 1320 1060 1391 Augustini

277 1499 420 1581 defiuiuit
441 1534 601 1580 ennomm.
636 1516 681 1580 Eo
707 1518 849 1595 tempore
870 1513 1013 1578 Pittncns
1034 1514 1253 1597 Mitylenaeus,
1277 1514 1358 1579 alins
1383 1533 1401 1579 e

277 1624 397 1703 septem
421 1620 626 1701 sapientibus,
644 1619 741 1684 fuisse
759 1618 951 1701 perhibetur.
973 1620 1014 1683 ut
1031 1620 1167 1701 quinque
1185 1622 1315 1701 ceteros,
1334 1621 1404 1703 qni,

276 1730 314 1791 ut
331 1730 453 1809 septem
471 1728 682 1802 numerentur,
701 1723 834 1801 Thaleti,
853 1743 946 1806 quem
964 1742 1058 1809 snpra
1075 1724 1401 1798 commemorauimns.

277 1834 310 1896 et
330 1831 404 1896 h'uic
427 1830 549 1895 Pittaco
572 1829 738 1909 adduntur,
762 1848 798 1893 eo
821 1833 960 1913 tempore
981 1829 1080 1895 fuisse
1104 1830 1213 1894 scribit
1232 1830 1401 1906 Eusebius,

273 1957 337 2021 ,qno
369 1937 515 2019 captiuus
543 1935 601 2000 Dei
630 1937 766 2018 populus
792 1935 825 1999 iu
851 1934 1024 2017 Babylonia
1049 1935 1219 2001 tenebatur.
1254 1934 1296 1999 Hi
1326 1938 1403 2000 snut
1431 1960 1445 1999 ι

276 2046 396 2107 autem:
427 2040 521 2107 Solon
544 2041 754 2118 Atheniensis,
784 2038 894 2105 Chilon
917 2040 1192 2120 Lacedaemonius,
1214 2041 1402 2107 Periandrus

277 2146 467 2223 Corinthius,
504 2146 674 2213 Cleobulus
704 2146 846 2225 Lindius,
882 2145 956 2211 Bias
991 2146 1168 2212 Prieuseus.
1205 2145 1321 2213 Omnes
1357 2147 1401 2225 hi,

277 2258 399 2337 septem
426 2253 574 2338 appellati
602 2254 769 2337 sapientes,
797 2255 871 2334 post
896 2255 1005 2335 poetas
1027 2252 1191 2336 theologos
1214 2252 1403 2331 claruerunt,

277 2360 350 2442 quie
381 2378 491 2443 genere
524 2359 608 2424 uitae
640 2359 774 2443 quodam
805 2358 957 2422 laudabili
987 2358 1188 2441 praestabant
1221 2359 1402 2423 bominibus

276 2464 388 2530 ceteris
416 2468 448 2529 et
474 2484 595 2531 morum
622 2464 771 2530 nonnulla
794 2467 961 2548 praecepte
991 2464 1215 2530 sententiarum
1246 2463 1447 2528 breuitatem

276 2570 416 2654 conplexi
443 2573 526 2634 sunt.
562 2568 651 2635 Nihil
677 2574 782 2636 autem
803 2572 1088 2646 monumentorum,
1112 2570 1195 2651 quod
1218 2569 1256 2633 ad
1278 2569 1402 2634 litteras

276 2675 405 2751 adtinet,
428 2675 563 2756 posteris
589 2675 792 2757 reliquerunt,
820 2676 881 2739 nisi
908 2674 991 2757 quod
1019 2673 1115 2740 Solon
1142 2674 1291 2757 quasdam
1313 2675 1401 2759 loges

274 2781 517 2846 Atheniensibus
546 2780 669 2851 dedisse
696 2781 890 2863 perhibetur3
922 2780 1037 2845 Thales
1065 2799 1139 2846 uero
1167 2781 1317 2864 physicus
1340 2781 1403 2847 luit

275 2891 309 2952 et
330 2907 458 2956 snorum
481 2888 664 2971 dogmatum
686 2888 783 2951 libros
805 2886 943 2970 reliquit.
966 2886 1015 2952 Eo
1039 2886 1233 2970 captiuitatis
1255 2886 1402 2950 Iudaicae

274 2996 415 3076 temporo
438 2996 470 3057 et
486 2991 713 3057 Anaximander
731 2995 763 3056 et
779 2993 983 3057 Anaximenes
1002 2995 1035 3057 et
1052 2992 1259 3076 Xenophanes
1277 2993 1401 3075 physici
1419 3009 1445 3048 ¹⁵

275 3101 462 3164 claruerunt.
498 3099 586 3167 'lunc
613 3102 646 3164 et
670 3098 875 3183 Pythagoras,
904 3117 939 3164 er
966 3117 1028 3183 quo
1056 3101 1223 3182 coeperunt
1250 3097 1401 3183 appellari

275 3205 463 3288 philosophi.

705 3395 838 3462 CAPUT
860 3396 974 3461 XXVI.

278 3533 388 3614 Quod
416 3556 459 3602 eo
486 3539 675 3619 tempore,
699 3555 773 3618 quo
801 3536 972 3618 inpletis
1000 3537 1264 3621 septuaginta
1286 3537 1400 3601 anuis

276 3640 513 3706 Iudaeorum
546 3645 609 3706 est
640 3640 826 3705 resoluta
856 3642 1093 3723 captiuitas,
1120 3642 1282 3707 Romani
1312 3661 1447 3724 qno-ao

435 3765 508 3830 que
536 3766 555 3811 e
580 3746 788 3812 dominatu
816 3746 899 3811 sint
923 3747 1036 3831 regio
1064 3747 1241 3813 liberati.

320 3887 382 3953 Per
396 3887 485 3955 ,idem
508 3889 634 3968 tempus
658 3887 769 3972 cyrus,
789 3906 839 3951 ner
857 3887 1033 3963 Persarum,
1051 3889 1106 3970 qni
1123 3888 1215 3954 etiam
1236 3888 1402 3954 Chaldaeis

277 3996 311 4060 et
335 3993 475 4077 Assyriis
501 3993 685 4077 imperabat,
711 3993 848 4058 relaxate
874 3993 1033 4075 aliquanta
1062 3994 1247 4076 captiuitate
1273 3995 1402 4061 Iudaeo·
1510 4064 1515 4072 ,

275 4119 356 4177 rum,
384 4098 611 4184 quinquaginta
641 4098 729 4164 milis
759 4099 922 4167 homiuum
954 4118 989 4164 er
1021 4099 1067 4164 cis
1098 4099 1138 4164 ad
1163 4100 1401 4167 instaurandum

276 4205 430 4290 templum
453 4204 574 4289 regredi
596 4203 681 4270 iecit.
707 4204 736 4271 A
758 4205 873 4288 quibus
895 4208 1017 4270 tentum
1040 4206 1140 4288 prima
1162 4209 1273 4290 coepte
1293 4207 1402 4272 inoda-
1420 4231 1449 4273 ss

275 4303 360 4375 mina
382 4313 414 4376 et
436 4311 532 4375 uitare
555 4313 770 4375 constructum
794 4313 851 4377 eet
873 4311 1108 4377 Iucurssntibus
1131 4316 1235 4375 autem
1258 4312 1403 4378 hostibus

275 4434 470 4498 nequaqnam
497 4417 641 4500 progredi
670 4415 860 4482 aedificando
892 4418 1069 4496 ualueruut,
1096 4416 1291 4501 dilatumque
1322 4437 1403 4502 opus

277 4523 328 4586 est
347 4538 450 4603 usque
472 4520 512 4585 ad
530 4520 669 4587 Durium.
691 4522 752 4588 Per
773 4523 858 4587 idem
880 4527 1006 4605 tempus
1024 4523 1117 4588 etiem
1136 4523 1193 4588 illa
1209 4526 1285 4588 sunt
1301 4527 1403 4607 gesta,

278 4638 357 4709 quae
384 4626 563 4709 eouscripts
589 4631 664 4693 sunt
689 4627 721 4692 in
747 4627 828 4693 libro
855 4627 977 4704 Iudith;
1009 4647 1101 4710 quern
1129 4647 1202 4694 sane
1227 4628 1259 4693 iu
1286 4647 1403 4695 cunone

277 4732 502 4815 scripturarum
528 4733 636 4797 Iudaei
663 4753 723 4798 uon
749 4735 905 4816 recepisse
929 4733 1084 4800 dicuntur.
1122 4735 1187 4801 Sub
1209 4734 1304 4800 Dario
1327 4753 1403 4818 ergo
1420 4760 1449 4801 eo

313 4919 389 4991 dut]
408 4929 529 4990 haquep
598 4925 772 4976 numerantur
790 4925 819 4976 et
836 4922 936 4977 thaleti
950 4939 971 4991 p
1023 4924 1040 4978 6
1059 4923 1149 4978 chilou
1167 4923 1249 4989 (cilou
1264 4924 1293 4994 9)
1310 4923 1403 4985 codd.,·

279 5005 390 5062 obiice
471 5007 634 5078 *periendrus
652 5010 745 5077 codd,-
761 5011 939 5065 Periandero
1027 5011 1199 5066 icleubulus
1212 5029 1249 5081 p,·
1266 5012 1403 5067 cleobolus

277 5092 402 5163 lydiusb
489 5096 590 5168 byasp
665 5099 698 5153 14
717 5097 904 5170 docmutump
990 5097 1127 5171 iudcicpe
1199 5101 1232 5154 21
1252 5100 1309 5154 siut
1325 5102 1404 5170 sup,-

278 5184 400 5252 suutqe
465 5183 1120 5257 hiceuouecbeppmceuonempromb.
1191 5188 1405 5259 dorecipissep
