3217 6325
225 1337 290 1400 ‘m
562 1333 588 1388 S.
615 1332 769 1386 Aurelii
795 1331 1008 1401 Argentini

268 1523 371 1588 Pleni
399 1523 569 1605 panibus,
601 1523 714 1605 iuquit,
742 1522 917 1586 minorati
945 1525 1040 1596 suut
1068 1524 1106 1585 et
1132 1522 1348 1595 esurientes

223 1630 458 1694 transierunt
488 1632 632 1693 terram.
666 1626 727 1706 Qui
760 1631 836 1693 suut
866 1625 1066 1710 intellegendi
1093 1626 1176 1710 pleni
1204 1627 1348 1710 panibus,

223 1733 283 1798 niai
306 1733 387 1799 idem
410 1734 471 1817 ipai
494 1734 583 1816 quasi
606 1737 760 1820 potentes,
782 1732 816 1796 id
839 1740 889 1796 eat
905 1732 1076 1807 Israelitae‚
1096 1732 1211 1814 quibua
1230 1732 1355 1797 eredita·

224 1843 299 1904 aunt
329 1838 453 1921 eloquia
485 1838 565 1903 Dei?
597 1837 658 1903 Sed
690 1839 721 1902 in
753 1856 789 1902 eo
818 1838 934 1920 popule
962 1836 1092 1901 ancillae
1117 1835 1175 1900 tilii
1202 1838 1349 1903 minorati

225 1948 298 2010 arant
319 1944 395 2028 (que
419 1945 513 2010 uerbo
537 1943 640 2008 minua
664 1943 789 2026 quidem
809 1943 929 2018 Latine,
948 1943 1026 2007 bene
1044 1948 1147 2006 tameu
1167 1961 1350 2026 expressum
1381 1966 1394 2006 ι

224 2055 282 2128 eat,
310 2049 392 2133 qued
421 2069 456 2114 er
482 2050 653 2114 maioribus
681 2050 816 2113 minores
839 2050 915 2114 laeti
939 2049 1035 2131 aunt),
1065 2049 1138 2131 quia
1161 2054 1194 2113 et
1214 2049 1248 2112 in
1270 2048 1351 2132 ipaia

224 2155 368 2238 panibus,
400 2155 431 2219 id
465 2158 514 2220 eat
549 2154 664 2218 diuiuia
701 2153 843 2237 eloquiis,
881 2173 960 2236 quae
990 2155 1149 2218 Israelitae
1182 2154 1242 2219 aoli
1273 2159 1352 2219 tuuc

225 2281 259 2326 er
302 2261 446 2326 omnibus
482 2260 628 2344 gentibue
665 2264 860 2343 acceperunt,
897 2262 1018 2323 terrena
1054 2260 1189 2342 sapiunt
1232 2258 1353 2325 Gentes

225 2372 339 2440 autem,
364 2364 478 2447 quibua
501 2365 550 2429 ler
573 2364 629 2427 illa
650 2383 710 2428 non
730 2367 797 2428 erat
816 2364 898 2440 data,
918 2368 1030 2446 postea
1048 2382 1140 2446 quam
1159 2377 1353 2447 peruentum

224 2476 445 2538 testamentum
482 2469 520 2534 ad
558 2469 681 2551 eloquia
720 2469 776 2533 illa
811 2473 972 2545 uenerunt,
1013 2469 1148 2533 multum
1185 2470 1352 2537 esuriendo
1372 2493 1398 2533 aa

225 2583 337 2643 terram
374 2576 573 2652 transierunt,
610 2574 683 2656 quia
717 2574 749 2639 in
786 2572 832 2639 eia
863 2593 923 2639 neu
956 2580 1086 2649 terrena,
1116 2575 1171 2639 aed
1204 2576 1355 2640 caelestia

226 2685 402 2765 sapuerunt
433 2682 474 2746 ut
499 2681 558 2745 hoe
586 2680 675 2744 uelut
701 2684 903 2763 quaereretur
929 2698 1023 2745 eausa
1050 2700 1131 2763 quur
1152 2682 1271 2745 factum
1295 2682 1353 2746 ait:

227 2787 320 2870 Quia
343 2786 501 2864 sterilia,
520 2787 632 2870 iuquit,
656 2786 801 2869 peperit
825 2790 979 2869 septem,
1003 2791 1039 2851 et
1059 2787 1179 2851 multa
1196 2787 1232 2851 iu
1251 2787 1354 2852 iiliia

226 2893 416 2958 infirmata
443 2897 508 2958 eat.
535 2893 596 2957 Hie
623 2896 725 2957 totum
753 2892 836 2974 quod
863 2892 1107 2975 prophetabatur
1133 2892 1232 2956 eluxit
1258 2910 1355 2977 ague-

227 2999 387 3064 reeutibua
414 3018 576 3063 numerum
606 2998 827 3081 septenarium,
856 3018 918 3081 quo
942 3002 991 3063 eat
1012 2999 1178 3063 uniuersae
1201 2998 1355 3063 eeclesiae
1372 3020 1399 3061 re

227 3103 403 3191 significata
428 3104 586 3188 perfectio.
617 3104 747 3185 Propter
773 3102 857 3187 quod
886 3108 917 3168 et
942 3104 1094 3169 Iohannes
1122 3104 1286 3187 apestolus
1314 3103 1355 3169 ad

227 3214 346 3293 septem
384 3210 494 3274 aeribit
529 3209 687 3287 eeclesiae,
725 3228 761 3273 eo
793 3208 886 3273 medo
919 3228 952 3273 ae
984 3209 1151 3274 osteudens
1183 3209 1223 3273 ad
1258 3211 1355 3275 unius

226 3315 451 3399 plenitudinem
479 3315 626 3390 aeriber03
655 3321 687 3378 et
712 3315 744 3378 iu
774 3315 946 3397 prouerbiis
974 3314 1149 3380 Salomonis
1176 3315 1237 3380 hee
1264 3320 1357 3380 autea

227 3420 438 3504 prueiigurana
453 3419 613 3501 Sapientia
627 3421 851 3485 aedilieauit
868 3421 941 3486 eibi
957 3420 1101 3485 domum
1116 3425 1152 3484 et
1166 3421 1357 3486 aubiulsit

228 3528 416 3593 rulumuaa
445 3531 595 3610 reptem.
624 3526 747 3592 Sterills
775 3528 857 3591 euim
885 3531 952 3591 erat
979 3527 1011 3590 iu
1036 3527 1181 3591 omuibus
1205 3528 1356 3611 geuh'tua
1373 3551 1402 3591 a·

231 3633 286 3697 llei
319 3633 443 3701 ciuitas.
474 3634 638 3713 autequam
671 3633 732 3696 iste
763 3633 858 3707 fetus,
890 3652 981 3715 quem
1010 3633 1176 3710 cemimus,
1203 3636 1356 3698 oreretur.

229 3737 392 3803 Ceruimua
420 3738 525 3813 etiam,
558 3756 636 3819 quae
663 3737 764 3801 multa
787 3738 819 3802 in
847 3738 921 3802 tiliis
949 3742 1024 3815 emt,
1055 3756 1139 3802 nuuc
1165 3736 1356 3802 infirmatum

228 3843 425 3908 Hierusalem
452 3847 619 3918 terrenam3
647 3844 795 3925 queniam
824 3844 1013 3925 quicumque
1040 3843 1097 3907 filii
1124 3842 1241 3906 liberae
1263 3843 1296 3906 iu
1319 3861 1358 3906 ea

228 3951 325 4015 eraut.
357 3947 460 4012 uirtus
491 3947 560 4011 eiua
587 3950 687 4015 eraut:
719 3966 801 4012 nune
826 3966 902 4011 uero
928 3948 973 4011 ibi
1000 3947 1147 4029 quoniam
1172 3947 1280 4011 littera
1306 3951 1358 4011 eat

228 4056 259 4116 et
283 4052 413 4135 spiritua
435 4070 495 4116 uon
520 4056 579 4121 eat.
603 4053 719 4117 amissa
741 4053 859 4117 uirtute
882 4053 1036 4117 infirmata
1058 4057 1117 4117 est.
1375 4075 1403 4117 re

276 4157 455 4222 llemiuue
485 4157 694 4221 mertificat
730 4161 766 4221 et
802 4159 992 4225 uiuificat:
1024 4157 1226 4223 mortifieauit
1255 4158 1357 4235 illam,

230 4282 310 4347 quae
337 4263 438 4327 multa
464 4268 529 4327 erat
559 4265 590 4326 iu
618 4263 702 4331 filiis.
734 4268 765 4327 et
793 4264 968 4328 uiuifieauit
993 4264 1071 4328 haue
1099 4264 1249 4339 sterilem,
1277 4281 1358 4345 quae

230 4367 351 4449 peperit
378 4375 508 4449 septem.
533 4367 685 4447 Quamuis
713 4368 908 4432 commodius
935 4369 1037 4449 possit
1064 4369 1206 4451 intellegi
1229 4367 1358 4432 eoadem

231 4472 401 4545 uiuificata
437 4492 516 4557 quea
548 4472 791 4539 murtifieuuerit.
824 4473 860 4537 ld
892 4473 973 4537 euim
1006 4474 1093 4537 uelut
1123 4473 1273 4555 repetiuit
1305 4472 1358 4536 ad·

232 4575 350 4641 tenluz
390 4576 556 4641 Deducit
591 4577 634 4641 ai
674 4578 814 4642 inferes
850 4583 885 4642 et
920 4578 1072 4642 reducit
1113 4576 1235 4656 Quibus
1272 4578 1405 4646 enim»

319 4796 509 4857 ammae
563 4799 776 4869 reamur
830 4800 1036 4857 ianuar

267 4919 285 4971 8
303 4918 417 4971 illene
477 4920 598 4974 iturine
617 4921 797 4990 utepppr:
815 4922 899 4975 lutire
919 4941 936 4972 a
953 4922 1049 4976 Dent.
1119 4924 1152 4976 10
1170 4925 1314 4977 esuriem
1332 4924 1360 4978 ι’

236 5006 419 5075 itrept'mp
473 5008 609 5077 ittuep
663 5009 853 5078 lique-le'q
903 5011 935 5063 lt
953 5010 1074 5062 iohannis
1090 5011 1120 5078 ς’·
1167 5011 1357 5081 liseptinq'

236 5091 705 5160 tusutmuiaparuutuereue
765 5096 959 5165 uuseprrmp
1021 5097 1054 5149 21
1075 5098 1361 5166 murelle-§.5

235 5178 485 5247 emmaum
538 5180 805 5251 §militae-4
856 5183 1041 5253 §septime
