3217 6325
229 1242 293 1305 580
571 1239 598 1293 S.
625 1239 780 1294 Aurelii
806 1240 1018 1311 Augustini

229 1431 429 1517 promerendo
456 1431 577 1515 efficit.)
609 1431 670 1497 Sed
701 1433 772 1514 pois
803 1432 865 1496 iste
893 1433 935 1496 sit
962 1432 1085 1509 modus,
1117 1437 1150 1498 et
1176 1453 1256 1516 quae
1290 1436 1357 1499 eiot

229 1540 297 1622 ipsa
326 1542 464 1621 peecatn
494 1556 572 1620 quae
604 1538 648 1602 ita
678 1538 844 1618 inpediunt
873 1540 1109 1619 permotionem
1145 1539 1184 1602 ad
1220 1560 1354 1624 regnum

229 1645 297 1710 Dei.
326 1649 362 1709 ut
387 1648 490 1709 taomo
518 1649 696 1709 sanctornm
724 1644 894 1708 amicornm
924 1644 1046 1709 meritis
1072 1644 1227 1727 inpetrent
1248 1645 1353 1711 indol-

228 1751 375 1833 gentiam,
398 1749 618 1815 difficillimnm
640 1754 690 1814 est
710 1750 859 1825 inuenire,
886 1750 1188 1833 periculosissimum
1212 1750 1352 1816 definire.

227 1857 294 1939 Idgo
326 1860 409 1919 certe
439 1875 538 1938 osque
573 1854 612 1919 ed
643 1856 703 1919 hoc
734 1859 861 1937 tempos
892 1874 963 1919 coro
999 1855 1070 1920 inde
1101 1860 1274 1940 satagerem
1311 1859 1352 1922 od
1380 1882 1394 1920 s

228 1981 333 2027 eorum
361 1961 536 2045 indaginem
563 1961 723 2044 peruenire
746 1979 805 2026 ooo
834 1961 932 2043 potui.
960 1963 1001 2026 ot
1021 1962 1164 2026 fortassis
1187 1967 1351 2045 propterea

227 2068 334 2143 latent,
369 2086 408 2131 oe
443 2066 583 2132 studium
615 2065 795 2148 proficiendi
835 2065 874 2130 od
909 2068 1015 2132 omnia
1048 2068 1187 2132 canenda
1221 2074 1351 2150 peccata

227 2174 392 2256 pigrescat.
420 2171 572 2251 Quoniam
599 2173 627 2235 ei
654 2172 806 2237 scirentur
828 2190 907 2253 quae
930 2175 981 2237 uel
1011 2174 1115 2255 qualia
1137 2174 1201 2237 sint
1223 2173 1350 2242 delicta.

227 2297 282 2361 pro
310 2279 423 2360 quibos
450 2279 544 2342 etiam
569 2278 823 2360 permanentibus
850 2297 908 2342 oec
930 2284 1081 2359 prouectu
1103 2280 1187 2343 uitae
1208 2281 1350 2345 melioris

227 2384 381 2448 absumtis
403 2384 585 2448 intercessio
613 2383 656 2448 sit
676 2383 860 2466 inquirenda
886 2387 919 2447 et
940 2385 1091 2467 speranda
1112 2387 1278 2457 iustorum,
1301 2388 1349 2451 eis
1369 2413 1394 2449 ιο

227 2509 334 2553 secura
371 2509 404 2554 oe
441 2489 624 2555 obuolueret
653 2490 788 2554 humana
825 2490 968 2573 segnitia,
1005 2509 1063 2555 occ
1094 2491 1199 2555 euolui
1229 2492 1349 2556 talibus

226 2596 454 2677 inplicumeotis
482 2595 578 2659 ullius
606 2595 733 2660 uirtutis
759 2596 953 2677 expeditione
976 2599 1105 2669 cureret
1133 2596 1188 2660 sed
1210 2600 1347 2660 tantom-

226 2700 317 2765 modo
340 2706 500 2783 quaereret
522 2702 654 2765 aliorum
677 2700 796 2765 meritis
818 2700 952 2776 liberari,
982 2720 1061 2781 quos
1084 2702 1201 2765 amicos
1223 2702 1285 2765 sibi
1308 2701 1347 2765 de

228 2825 402 2871 mammona
431 2806 606 2889 iniquitatis
638 2805 883 2888 elemosynarum
909 2806 1055 2890 largitate
1085 2806 1222 2871 iecisset.
1254 2806 1346 2871 Nunc

228 2932 300 2977 uero
333 2912 405 2976 dom
438 2912 570 2977 uenialis
602 2912 787 2993 iniquitatis.
819 2913 943 2976 etiamsi
969 2916 1155 2994 perseueret,
1182 2913 1347 2996 ignoretur
1365 2942 1390 2980 re

227 3019 349 3092 modos,
376 3018 514 3101 profecto
541 3021 575 3083 et
600 3017 739 3083 studium
765 3017 797 3081 io
820 3012 949 3082 meliore
974 3017 1154 3100 proficiendi
1177 3018 1290 3083 orando
1314 3023 1346 3082 et
1382 3044 1385 3050 ·

226 3124 368 3190 instando
399 3120 582 3208 uigilantius
612 3122 776 3189 adhibetur
802 3128 836 3189 et
861 3123 994 3190 faciendi
1021 3123 1059 3189 de
1086 3142 1263 3189 mammona
1288 3125 1344 3190 ini·

226 3231 355 3315 quitatis
378 3234 501 3295 sanctos
524 3230 639 3295 amicos
661 3248 735 3294 cura
756 3248 816 3294 oon
840 3230 1002 3312 spemitnr.

272 3337 385 3401 Verum
406 3337 470 3400 ista
489 3336 641 3414 liberatio,
665 3354 744 3417 qnae
766 3334 802 3398 fit
824 3336 893 3401 siue
915 3337 982 3401 suis
1005 3337 1181 3419 quibusque
1199 3338 1343 3402 oratiom-

226 3444 284 3509 bus
307 3443 375 3507 siue
397 3441 658 3505 intercedentibus
681 3440 808 3518 sanctis,
830 3440 863 3504 id
885 3442 952 3524 agit
972 3444 1009 3505 ut
1029 3442 1061 3505 io
1082 3441 1187 3526 ignem
1209 3443 1344 3525 quisque
1360 3472 1387 3512 so

227 3569 286 3614 ooo
308 3547 451 3612 mittatur
473 3551 642 3623 rotomum,
664 3565 723 3611 ooo
746 3550 792 3620 ot,
811 3563 883 3610 cnm
900 3546 995 3611 fuerit
1011 3548 1139 3625 misem,
1157 3552 1231 3630 pest
1248 3568 1342 3630 quao-

227 3662 429 3734 tnmcomque
451 3652 522 3716 iode
544 3654 668 3733 tempos
692 3655 826 3716 eruatur.
850 3650 928 3715 Nam
952 3655 985 3715 et
1005 3652 1063 3727 illi,
1085 3653 1139 3735 qni
1160 3656 1273 3736 putant
1295 3656 1341 3719 sic

225 3758 468 3841 intellegendum
491 3776 559 3822 esee
582 3756 664 3839 qood
686 3757 838 3841 scriptum
862 3761 920 3831 est,
948 3757 1065 3821 adferre
1092 3761 1205 3822 terram
1227 3758 1339 3824 bonam

226 3866 351 3929 uberem
387 3863 531 3939 fructum,
567 3864 659 3927 oliam
691 3863 853 3939 tricenum,
889 3863 982 3927 aliam
1013 3882 1209 3947 sexagenum,
1246 3865 1337 3929 oliam

226 3975 399 4045 centenum,
432 3974 468 4034 ut
497 3970 596 4035 sancti
626 3988 681 4051 pro
713 3986 838 4034 suornm
868 3968 1048 4033 diuersitate
1073 3969 1254 4034 meritorum
1285 3971 1339 4034 alii
1356 3993 1383 4034 ss

311 4228 505 4286 24Mt13.8

259 4369 434 4422 eamieorom
452 4368 633 4436 superscripto
650 4384 684 4420 oo.
699 4370 719 4420 2
732 4383 761 4436 q;
773 4383 792 4435 g
836 4368 981 4436 ipeccrta
998 4366 1144 4422 cauendae
1178 4368 1337 4437 tprooectu

226 4455 559 4526 cbepppn;proiectoo
613 4454 646 4509 10
664 4453 893 4525 adsumptisbep
942 4454 1124 4510 rosamo
1176 4456 1337 4524 segnitiero

225 4545 296 4597 uolui
315 4543 367 4612 p¹u
413 4546 443 4596 14
460 4543 586 4612 largitate
603 4558 677 4608 mer.,·
694 4543 870 4611 largitioneo
910 4544 942 4596 lo
961 4541 1058 4596 orando
1077 4547 1105 4597 et
1121 4542 1246 4596 instando
1266 4561 1335 4617 app

224 4631 333 4694 Domo.,·
351 4629 449 4683 orando
468 4634 496 4683 et
513 4630 607 4684 stando
626 4629 656 4698 b;
673 4629 771 4684 orando
791 4634 819 4684 et
837 4629 960 4693 instudio‚
974 4631 1005 4683 o'u
1017 4648 1101 4694 moro.
1116 4635 1144 4684 et
1161 4630 1293 4693 instando,
1308 4650 1335 4698 e,-

224 4755 338 4806 oretiooi
355 4753 511 4844 instandoo
567 4754 596 4806 17
615 4753 780 4823 uigilantius,
797 4755 829 4806 in
845 4769 928 4822 marg.
946 4753 1088 4824 nigiliie,c
1145 4755 1177 4808 19
1194 4754 1333 4812 laboratio.

223 4879 252 4928 in
272 4855 534 4946 nourg.'liberatio,e
613 4876 842 4946 operationibose
928 4877 960 4931 21
980 4881 1049 4947 poet,
1068 4879 1334 4947 recuperatore

224 5000 340 5069 quarob
394 5002 492 5086 quanto
507 5003 563 5053 turo
577 5016 688 5068 comque
703 5002 934 5062 eruetooomo’eeos
951 5000 1012 5054 inde
1030 5002 1178 5072 tempesto
1214 5003 1247 5055 22
1257 4981 1332 5056 'tem-

224 5131 280 5184 pus,
297 5115 328 5167 in
344 5129 427 5181 marg.
446 5095 581 5182 temporie,
598 5131 613 5168 e
716 5082 844 5183 potaotp
