3217 6325
560 1337 588 1393 8.
615 1336 768 1390 Aurelii
794 1335 1005 1405 Augustini

682 1531 818 1597 CAPUT
839 1531 878 1596 X.

223 1672 324 1763 Quid
350 1671 663 1757 respondendum
692 1672 750 1737 sit
780 1671 848 1748 eis,
876 1672 941 1755 qni
972 1676 1115 1755 putant
1140 1692 1342 1740 resurrec-

222 1780 370 1846 tionem
411 1779 455 1844 ed
495 1779 581 1844 sole
621 1796 800 1861 corpore,
836 1797 908 1842 non
947 1778 1065 1842 etism
1105 1778 1150 1843 ad
1186 1779 1341 1845 enimes

675 1882 886 1966 pertinere.

268 2024 349 2091 Sunt
375 2027 429 2109 qui
453 2030 565 2109 putent
590 2024 847 2091 resurrectionem
870 2023 929 2089 dici
952 2042 1012 2089 nou
1033 2042 1126 2106 posse
1147 2023 1209 2089 nisi
1231 2044 1343 2110 corpo
1373 2048 1387 2083 s

223 2150 293 2195 rum
327 2132 460 2214 ideoque
491 2133 584 2197 istem
615 2149 738 2215 qnoque
768 2130 899 2213 primum
928 2131 961 2194 in
992 2130 1172 2213 corporibus
1201 2130 1344 2197 futurem
1464 2214 1467 2217 ψ

224 2257 294 2306 esse
321 2237 518 2303 contendunt
551 2235 688 2316 Quomm
715 2237 797 2301 enim
823 2240 883 2311 est,
909 2235 1063 2319 inquiunt,
1090 2234 1208 2313 cedere,
1232 2256 1343 2303 eorum
1444 2271 1449 2279 ·

225 2349 274 2409 est
303 2362 472 2429 resurgere.
505 2342 626 2408 Cedunt
655 2346 760 2408 eutem
791 2361 919 2424 corpore
949 2340 1124 2417 moriendo;
1156 2361 1228 2408 nem
1261 2347 1295 2409 et
1325 2364 1344 2409 e

224 2448 359 2515 cadendo
383 2448 533 2515 Munere
555 2453 770 2531 nuncupentur
800 2446 868 2513 Non
893 2467 965 2532 ergo
983 2448 1165 2525 mimarum,
1183 2449 1344 2533 inquiunt

223 2555 407 2620 resurrectio
433 2557 539 2639 potest
564 2574 642 2629 esse.
670 2553 723 2619 sed
751 2573 924 2637 corporum.
953 2552 1014 2620 Sed
1040 2554 1115 2637 qnid
1141 2559 1250 2620 contre
1271 2574 1345 2639 epo·
1364 2572 1389 2610 ιο

224 2661 340 2743 stolum
362 2661 479 2738 dicunt,
501 2661 555 2745 qui
577 2680 644 2726 eum
667 2660 924 2725 resurrectionem
946 2660 1104 2744 appellet?
1131 2659 1211 2725 Nem
1234 2681 1345 2727 seeun-
1436 2740 1438 2744 .

225 2765 299 2831 dum
330 2764 516 2843 interiorem,
548 2786 607 2832 uon
638 2766 810 2832 secundum
836 2766 1015 2831 exteriorem
1045 2766 1202 2832 hominem
1234 2766 1345 2849 ntique

224 2878 461 2950 resurrexerunt,
479 2873 591 2956 quibus
611 2873 667 2937 ait:
691 2871 731 2938 si
753 2872 1039 2937 resurrexistis
1063 2890 1144 2937 cum
1167 2871 1344 2953 Christo,

225 2996 336 3059 (suune⁴
360 2996 516 3044 sursum
547 2981 640 3044 sunt
669 2977 809 3060 sapite.
846 2974 946 3055 Quem
978 2996 1103 3042 sensum
1134 2978 1240 3043 uerbis
1272 2980 1345 3047 eliis

120 3140 123 3146 .
226 3081 300 3147 alibi
332 3084 441 3169 posuit
475 3083 596 3149 dicens:
640 3072 696 3161 Ut,
736 3102 848 3167 quem
886 3082 931 3147 ed
965 3082 1119 3152 modum
1154 3083 1388 3151 Christuess

225 3191 452 3256 resurrexit
473 3212 491 3257 u
511 3191 680 3256 mortuis
702 3209 769 3273 per
792 3189 959 3275 gloriam
976 3190 1120 3267 Petris,
1139 3190 1199 3256 sic
1218 3195 1258 3256 et
1275 3212 1344 3259 nos
1380 3268 1384 3278 Ι

226 3295 264 3360 in
283 3297 469 3363 nouitate
487 3297 596 3361 uitee
615 3296 869 3362 ambulemus.
888 3296 969 3361 Hinc
987 3299 1037 3362 est
1055 3301 1086 3371 et
1102 3297 1199 3362 illud:
1218 3297 1345 3384 Surge

228 3401 294 3485 qui
317 3401 464 3468 dormis
487 3408 525 3469 et
547 3421 714 3488 exsurge
732 3420 750 3466 e
766 3401 947 3478 mortuis,
965 3407 1004 3468 et
1024 3402 1284 3468 inluminabit
1305 3410 1344 3471 te

228 3506 424 3574 Christus.
447 3507 537 3590 Quod
559 3511 664 3573 sutem
686 3506 797 3573 dicunt
815 3527 876 3573 non
897 3528 991 3592 posse
1013 3528 1183 3594 resurgere,
1206 3511 1268 3575 nisi
1290 3514 1345 3594 qui

228 3612 350 3694 cedunt,
379 3621 415 3679 ‘et
443 3613 514 3680 ideo
543 3616 655 3700 putuut
684 3613 939 3679 resurrectionem
974 3615 1013 3679 ed
1044 3633 1181 3697 corpore,
1212 3635 1273 3681 non
1305 3617 1345 3682 ed
1361 3634 1389 3676 so

230 3720 347 3785 enimus
360 3717 521 3804 pertinere,
542 3721 615 3804 quie
632 3738 794 3803 corporum
813 3722 863 3785 est
879 3718 1004 3785 cudere:
1023 3739 1103 3802 quur
1120 3739 1180 3785 non
1198 3721 1343 3788 andiunt:

124 3881 126 3886 .
227 3824 309 3890 Neu
337 3825 538 3891 recedetis
565 3826 717 3903 abillo,
745 3824 980 3904 recedetis,
1008 3829 1057 3890 et:
1080 3823 1154 3891 Suo
1177 3826 1343 3893 Domino

230 3934 310 3996 stat
340 3933 408 3996 eut
438 3931 562 4010 cedit;
594 3935 641 3997 et:
676 3929 749 4010 Qui
776 3951 817 3997 se
842 3933 960 4014 putet
985 3935 1102 4010 utere,
1134 3937 1277 4010 cenent
1298 3953 1342 3998 ne

229 4037 366 4102 cedet?
389 4038 469 4103 Puto
493 4037 573 4102 enim
597 4037 679 4121 quod
702 4038 733 4102 in
756 4037 868 4117 anime,
890 4056 950 4102 non
972 4035 1003 4102 in
1027 4055 1153 4120 corpore
1171 4057 1263 4103 cesus
1282 4040 1343 4105 ists

228 4142 384 4208 cauendus
420 4147 478 4208 est.
515 4142 547 4209 Si
582 4144 678 4227 igitur
712 4143 886 4208 cadentium
922 4145 971 4209 est
1003 4142 1197 4220 resurrectio,
1229 4145 1344 4211 cedunt
1360 4161 1387 4203 εδ

229 4253 334 4313 autem
361 4254 392 4314 et
419 4249 553 4314 animae:
584 4249 721 4330 profecto
749 4255 780 4313 et
805 4249 924 4315 enimes
950 4268 1109 4334 resurgere
1136 4250 1344 4316 confitendum

230 4355 287 4417 est.
320 4352 410 4432 Quod
437 4356 551 4428 autem
583 4371 652 4417 cum
680 4352 822 4418 dixisset:
854 4355 897 4419 In
923 4354 1018 4419 istis
1046 4354 1220 4420 secunde
1240 4376 1343 4422 mors

230 4475 302 4522 nou
330 4459 449 4523 hebet
473 4460 728 4540 potestatem,
756 4459 895 4525 adiunxit
920 4460 1020 4544 adque
1042 4460 1102 4525 sit:
1133 4460 1205 4527 Sed
1228 4465 1345 4528 erunt

318 4697 502 4764 necetur
576 4700 607 4753 15
625 4699 699 4754 Rom.
719 4701 778 4763 6,4
850 4700 881 4753 17
902 4701 968 4770 eph.
987 4701 1013 4769 d,
1032 4702 1065 4756 14
1131 4703 1340 4767 mentiz?

231 4781 305 4840 Rom.
326 4787 401 4841 144
454 4787 487 4839 2³
508 4784 669 4852 1.cor.10.
690 4790 722 4843 12

264 4906 327 4960 diu
345 4924 415 4978 corp.
436 4908 579 4978 primumn
645 4912 720 4966 ieet
738 4913 822 4967 conb
894 4913 1015 4982 inquito
1076 4915 1232 4968 Sestetb
1302 4918 1340 4986 et]

230 4993 298 5046 esd
369 4998 402 5050 12
421 5014 472 5050 non
492 5013 542 5051 sec.
562 5002 714 5054 exteriorem
734 5002 818 5056 occo
856 5082 859 5089 Ι
895 5004 927 5056 13
947 5003 975 5056 Si
993 5002 1078 5092 cnud
1165 5004 1343 5058 surrexistisb

231 5106 263 5160 15
282 5107 331 5178 Ut]
350 5111 411 5164 eto
448 5113 480 5166 16
500 5129 515 5166 a
532 5116 609 5168 mort.
627 5131 753 5171 resumo
795 5119 826 5171 17
846 5118 891 5178 ric,
910 5119 940 5170 iu
958 5098 1157 5186 moryshince
1192 5086 1345 5190 idendito

230 5199 310 5262 putet
325 5213 355 5251 se
372 5215 389 5252 o
458 5204 553 5255 causet
570 5219 608 5271 eo
624 5204 736 5271 Domb.‚·
753 5204 844 5260 uident
862 5206 958 5275 adpo
1010 5208 1043 5260 27
1062 5213 1090 5261 et
1107 5207 1133 5260 iu
1149 5225 1167 5276 9
