3217 6325
271 1286 334 1350 556
605 1280 632 1335 Β.
659 1279 813 1336 Aurelii
840 1233 1052 1347 Augustini

272 1497 363 1560 quam
391 1495 425 1542 se
447 1476 599 1541 Dominus
628 1474 859 1559 praenuntiauiu
879 1474 910 1537 in
932 1471 1049 1537 iudicio
1071 1471 1265 1554 prolaturum
1287 1469 1393 1552 adque

271 1583 442 1648 dicturum:
464 1582 674 1649 Diseediie
696 1601 715 1647 a
736 1600 802 1658 me,
822 1577 1041 1654 maledieti,
1060 1576 1246 1661 inignem
1265 1578 1393 1642 aeter-

271 1708 369 1768 num,
398 1688 464 1780 qui
490 1690 657 1771 paratus
685 1690 746 1752 esi
773 1685 934 1751 diabulo
962 1687 1001 1749 et
1028 1683 1185 1768 angelis
1213 1683 1301 1748 eiua
1330 1681 1392 1765 (sie

272 1795 387 1877 quippe
414 1793 550 1861 ostendit
575 1796 698 1859 aeterne
725 1793 797 1877 igne
826 1791 985 1857 diabolum
1008 1795 1040 1855 et
1062 1789 1189 1875 angelos
1212 1789 1281 1856 eins
1304 1809 1393 1855 aren·

271 1902 349 1983 rue);
381 1904 413 1966 el
440 1900 523 1984 qued
550 1900 701 1982 seriptum
729 1899 834 1963 estin
862 1897 1056 1981 apocalypsi:
1087 1895 1295 1975 Diabolus,
1321 1896 1391 1980 qui
1421 1916 1435 1956 a

271 2007 490 2073 seducebat
521 2023 596 2083 ees,
629 2006 777 2071 missus
814 2006 876 2070 est
910 2003 949 2069 in
985 2008 1170 2088 stagnum
1206 2002 1315 2087 ignia
1352 2004 1394 2068 et

272 2112 493 2196 sulphuris,
525 2131 599 2194 que
636 2115 675 2177 et
709 2111 842 2176 bestia
878 2114 917 2177 et
947 2109 1314 2194 psendoprophetae
1353 2111 1392 2174 et

273 2218 565 2285 erueiabunlur
587 2216 650 2282 die
673 2236 715 2282 ae
738 2222 854 2284 noete
876 2218 915 2282 in
940 2217 1104 2282 saeeula
1121 2216 1391 2281 saeculorum.

235 2312 238 2318 ’
272 2323 361 2406 Quod
394 2325 437 2388 ibi
469 2323 587 2389 dietum
620 2327 669 2389 esi
700 2329 913 2401 aeternum,
941 2324 993 2389 hie
1020 2323 1138 2389 dietum
1166 2326 1215 2389 est
1240 2322 1279 2388 in
1311 2342 1392 2389 sae·

273 2431 362 2495 eula
397 2431 658 2507 saeculorum,
690 2430 804 2514 quibua
840 2430 946 2496 uerbis
981 2430 1059 2496 nihil
1095 2427 1249 2513 scriptura
1284 2429 1394 2495 diuina
1411 2465 1439 2506 aa

271 2535 444 2621 significare
475 2536 651 2612 consueuit,
682 2537 742 2603 nisi
774 2537 857 2618 qued
889 2536 981 2601 finem
1011 2555 1072 2601 non
1103 2535 1198 2601 habet
1227 2525 1391 2619 temperie.

272 2637 370 2720 Quam
394 2642 432 2707 eb
455 2660 519 2707 rem
543 2661 669 2725 prorsus
690 2657 748 2709 nee
770 2642 832 2707 alia
854 2661 949 2707 eausa
969 2659 1026 2707 nee
1043 2641 1157 2707 insir'or
1173 2641 1275 2724 adque
1291 2642 1390 2708 mani·

270 2746 380 2811 festior
403 2744 536 2811 inueniri
561 2750 677 2829 potest,
700 2766 781 2829 quur
801 2748 967 2812 uerissime
989 2746 1107 2829 pietate
1129 2749 1273 2811 teneatur
1293 2746 1390 2811 lirum

271 2836 304 2915 et
323 2851 472 2917 inmobile
494 2853 616 2917 nullum
639 2871 816 2937 regressum
838 2852 877 2918 ad
898 2852 1053 2917 iustitiam
1081 2851 1241 2935 uitamque
1268 2856 1392 2918 sanem·

270 2974 339 3020 rum
366 2954 524 3022 diabolum
552 2961 585 3023 el
608 2960 735 3043 angeles
759 2959 827 3024 eius
849 2958 1022 3033 habituras,
1044 2958 1103 3023 nisi
1128 2958 1202 3041 quia
1223 2957 1389 3042 scriptura.
1409 2942 1453 3033 aa*

271 3078 348 3143 quae
375 3062 528 3127 neminem
555 3063 647 3141 fallit,
674 3064 752 3129 dieii
777 3064 823 3129 eis
850 3064 952 3129 Deum
979 3082 1040 3129 nun
1067 3064 1252 3147 pepercisse,
1280 3067 1313 3129 et
1343 3063 1392 3130 sie

270 3168 308 3233 ab
343 3168 397 3234 illu
434 3187 503 3235 esse
533 3171 658 3237 iussum
689 3170 936 3255 praedamnatus,
968 3172 1005 3234 nt
1035 3170 1210 3236 eareeribus
1246 3170 1390 3256 caliginis

269 3276 360 3342 inferi
385 3275 498 3341 retrusi
524 3275 718 3341 traderentur
745 3275 889 3342 seruandi
916 3276 1017 3359 adque
1042 3276 1156 3340 ultime
1186 3274 1302 3341 iudieie
1333 3295 1391 3359 pu-

271 3383 384 3462 niardi,
407 3383 529 3466 prende
557 3402 609 3449 eus
636 3386 780 3449 aeternna
807 3383 891 3468 ignis
918 3383 1060 3468 aeeipiet,
1084 3384 1138 3449 ubi
1168 3383 1392 3449 erueiabnnlnr

271 3491 302 3560 iu
325 3491 449 3555 saeenle
472 3489 676 3556 saeculorum.
712 3488 803 3571 Quod
831 3490 859 3556 si
884 3491 930 3556 ita
952 3492 1011 3568 est,
1030 3508 1095 3574 ,que
1118 3488 1211 3555 modu
1233 3489 1272 3554 ab
1293 3489 1390 3556 liuius
1407 3519 1435 3561 aa

272 3596 452 3662 aeternitate
487 3614 602 3681 poenae
637 3595 690 3660 uel
724 3595 865 3661 uniuersi
895 3594 945 3669 uel
969 3594 1105 3678 ¹qnielum
1140 3589 1283 3662 hemines
1317 3581 1415 3678 pusi

272 3703 498 3789 quantumlibet
526 3703 676 3785 temperis
708 3702 1004 3781 unbauranamma
1033 3721 1094 3774 nun
1125 3704 1233 3770 statim
1264 3724 1391 3774 enerua-

270 3810 356 3875 bitur
385 3809 471 3887 fidas,
504 3826 564 3892 qna
600 3807 747 3874 ereditur·
770 3808 992 3900 sempiternum
1027 3807 1213 3887 mmuuunn
1247 3811 1389 3879 futurum

271 3935 341 3984 ,esse
363 3914 575 3997 supplicium?
607 3912 640 3980 Si
664 3913 745 3978 enim
769 3914 882 3996 quibus
906 3912 1041 3980 dieetnrz
1068 3913 1262 3983 Disuedile
1284 3937 1303 3983 a
1323 3937 1389 3996 me,

271 4020 473 4097 maledieti,
499 4021 536 4084 in
567 4020 687 4105 ignem
720 4023 919 4096 aeternum,
952 4020 1014 4103 qui
1045 4023 1198 4104 paratus
1230 4029 1287 4088 eet
1317 4023 1436 4090 dia-ss

272 4127 354 4193 belo
387 4131 423 4191 el
453 4125 596 4211 angelis
625 4125 715 4204 eius,
742 4127 794 4190 nel
822 4124 962 4191 uniuersi
989 4123 1041 4190 uel
1069 4125 1167 4209 aliqui
1193 4145 1300 4193 eorum
1328 4149 1389 4196 nen

272 4251 395 4316 semper
424 4231 469 4297 ibi
500 4235 599 4310 erunt,
628 4230 703 4315 qnid
730 4250 843 4297 caueae
870 4236 920 4298 est
946 4240 1026 4315 quur
1052 4231 1197 4299 diabulus
1228 4236 1262 4300 el
1286 4235 1390 4318 angeli

272 4338 340 4406 eius
363 4357 485 4422 semper
507 4338 549 4404 ibi
571 4337 668 4403 luluri
688 4357 757 4404 esse
776 4336 961 4404 ereduntur?
983 4337 1031 4404 An
1048 4338 1129 4404 forle
1146 4337 1205 4404 Dei
1224 4339 1396 4417 sententia

272 4444 408 4526 quaein
435 4444 535 4509 malos
563 4447 595 4509 et
621 4443 748 4529 angelus
776 4447 808 4508 et
833 4443 975 4510 hemines
1002 4444 1184 4529 proferetur,
1207 4444 1238 4510 in
1260 4443 1390 4530 angelus

272 4568 346 4614 uera
371 4549 439 4627 erit,
462 4548 493 4613 in
521 4549 662 4615 hemines
685 4551 785 4616 falsa?
807 4549 857 4617 Ita
878 4552 973 4634 plane
991 4550 1051 4617 hee
1074 4550 1143 4620 erit.
1167 4549 1200 4633 si·
1221 4568 1282 4615 uun
1304 4549 1389 4632 quud
1407 4574 1434 4618 ae

271 4654 357 4719 Deus
380 4655 465 4733 dixit,
485 4655 540 4722 sed
563 4656 646 4740 quud
669 4656 869 4741 suspicantur
890 4656 1033 4723 hemines
1055 4656 1128 4740 plus
1146 4654 1275 4722 ualebii
1298 4654 1390 4736 Quod

358 4865 441 4923 ulle.
459 4868 503 4930 25,
521 4867 554 4921 41
609 4867 625 4921 5
644 4865 726 4937 Apoe.
745 4866 789 4928 20,
810 4866 842 4920 10
860 4881 900 4935 sq.
955 4865 987 4921 le
1005 4865 1030 4919 2.
1048 4863 1120 4918 Petu.
1141 4864 1166 4926 2,
1184 4863 1202 4918 4

307 4989 482 5059 Bdiubulop
562 4989 842 5060 lpaeudupruphetae
861 4988 955 5058 bppu
1025 4991 1120 5042 etms
1139 5003 1230 5056 eppa
1312 4986 1391 5056 Bae]

273 5084 302 5135 et
319 5080 360 5149 by
423 5081 453 5136 15
473 5077 592 5133 abiturus
607 5094 626 5147 p
682 5078 714 5132 21
735 5093 821 5148 paene
836 5093 854 5146 p
911 5077 945 5131 22
965 5075 1088 5130 enarnab.
1108 5076 1150 5147 lp
1205 5075 1241 5129 24
1259 5073 1358 5129 dicium
1373 5093 1393 5146 p

272 5168 306 5223 29
323 5169 350 5222 in
370 5167 505 5239 auguliae
557 5167 591 5241 80
609 5167 637 5220 in
655 5165 806 5221 huminibus
826 5182 840 5220 e
845 5183 866 5235 p
