<?xml version="1.0" encoding="UTF-8"?>
<!DOCTYPE html PUBLIC "-//W3C//DTD XHTML 1.0 Transitional//EN"
    "http://www.w3.org/TR/xhtml1/DTD/xhtml1-transitional.dtd">
<html xmlns="http://www.w3.org/1999/xhtml" xml:lang="en" lang="en">
 <head>
  <title>
</title>
<meta http-equiv="Content-Type" content="text/html;charset=utf-8" />
  <meta name='ocr-system' content='tesseract 3.04.00' />
  <meta name='ocr-capabilities' content='ocr_page ocr_carea ocr_par ocr_line ocrx_word'/>
</head>
<body>
  <div class='ocr_page' id='page_1' title='image "./sanctiavreliiav00hoffgoog_0628.png"; bbox 0 0 3217 6325; ppageno 0'>
   <div class='ocr_carea' id='block_1_1' title="bbox 227 1226 1017 1298">
    <p class='ocr_par' dir='ltr' id='par_1_1' title="bbox 227 1226 1017 1298">
     <span class='ocr_line' id='line_1_1' title="bbox 227 1226 1017 1298; baseline -0.015 -6"><span class='ocrx_word' id='word_1_1' title='bbox 227 1234 290 1297; x_wconf 81' lang='grc'><strong>614</strong></span> <span class='ocrx_word' id='word_1_2' title='bbox 570 1231 597 1286; x_wconf 84' lang='lat' dir='ltr'><strong>S.</strong></span> <span class='ocrx_word' id='word_1_3' title='bbox 624 1229 777 1284; x_wconf 75' lang='lat' dir='ltr'><strong>Aurelii</strong></span> <span class='ocrx_word' id='word_1_4' title='bbox 804 1226 1017 1298; x_wconf 72' lang='lat' dir='ltr'><strong>Augustini</strong></span> 
     </span>
    </p>
   </div>
   <div class='ocr_carea' id='block_1_2' title="bbox 225 1424 1402 4564">
    <p class='ocr_par' dir='ltr' id='par_1_2' title="bbox 225 1424 1402 4564">
     <span class='ocr_line' id='line_1_2' title="bbox 226 1424 1367 1508; baseline -0.004 -16"><span class='ocrx_word' id='word_1_5' title='bbox 226 1431 367 1492; x_wconf 86' lang='lat' dir='ltr'><strong>nestrum</strong></span> <span class='ocrx_word' id='word_1_6' title='bbox 392 1426 510 1491; x_wconf 89' lang='lat' dir='ltr'><strong>scimus</strong></span> <span class='ocrx_word' id='word_1_7' title='bbox 534 1428 567 1489; x_wconf 89' lang='lat' dir='ltr'><strong>et</strong></span> <span class='ocrx_word' id='word_1_8' title='bbox 589 1431 769 1508; x_wconf 77' lang='lat' dir='ltr'><strong>martyrum.</strong></span> <span class='ocrx_word' id='word_1_9' title='bbox 793 1424 859 1489; x_wconf 89' lang='lat' dir='ltr'><strong>Nec</strong></span> <span class='ocrx_word' id='word_1_10' title='bbox 882 1431 986 1489; x_wconf 87' lang='lat' dir='ltr'><strong>tumen</strong></span> <span class='ocrx_word' id='word_1_11' title='bbox 1008 1424 1179 1501; x_wconf 79' lang='lat' dir='ltr'><strong>miraculis,</strong></span> <span class='ocrx_word' id='word_1_12' title='bbox 1203 1442 1287 1507; x_wconf 86' lang='lat' dir='ltr'><strong>qnae</strong></span> <span class='ocrx_word' id='word_1_13' title='bbox 1307 1443 1367 1506; x_wconf 84' lang='lat' dir='ltr'><strong>per</strong></span> 
     </span>
     <span class='ocr_line' id='line_1_3' title="bbox 226 1530 1361 1614; baseline -0.002 -18"><span class='ocrx_word' id='word_1_14' title='bbox 226 1533 392 1597; x_wconf 86' lang='lat' dir='ltr'><strong>memorias</strong></span> <span class='ocrx_word' id='word_1_15' title='bbox 421 1537 595 1597; x_wconf 80' lang='lat' dir='ltr'><strong>nestrmum</strong></span> <span class='ocrx_word' id='word_1_16' title='bbox 624 1536 795 1614; x_wconf 80' lang='lat' dir='ltr'><strong>martyrum</strong></span> <span class='ocrx_word' id='word_1_17' title='bbox 822 1530 912 1605; x_wconf 88' lang='lat' dir='ltr'><strong>fiunt,</strong></span> <span class='ocrx_word' id='word_1_18' title='bbox 939 1531 1006 1596; x_wconf 87' lang='lat' dir='ltr'><strong>ullo</strong></span> <span class='ocrx_word' id='word_1_19' title='bbox 1030 1530 1121 1596; x_wconf 86' lang='lat' dir='ltr'><strong>mede</strong></span> <span class='ocrx_word' id='word_1_20' title='bbox 1145 1535 1221 1596; x_wconf 88' lang='lat' dir='ltr'><strong>sunt</strong></span> <span class='ocrx_word' id='word_1_21' title='bbox 1244 1548 1361 1612; x_wconf 86' lang='lat' dir='ltr'><strong>conpa-</strong></span> 
     </span>
     <span class='ocr_line' id='line_1_4' title="bbox 226 1636 1360 1722; baseline 0 -20"><span class='ocrx_word' id='word_1_22' title='bbox 226 1639 321 1703; x_wconf 87' lang='lat' dir='ltr'><strong>randa</strong></span> <span class='ocrx_word' id='word_1_23' title='bbox 348 1638 507 1715; x_wconf 87' lang='lat' dir='ltr'><strong>miracula,</strong></span> <span class='ocrx_word' id='word_1_24' title='bbox 539 1656 618 1720; x_wconf 87' lang='lat' dir='ltr'><strong>quae</strong></span> <span class='ocrx_word' id='word_1_25' title='bbox 646 1638 729 1702; x_wconf 85' lang='lat' dir='ltr'><strong>facta</strong></span> <span class='ocrx_word' id='word_1_26' title='bbox 755 1656 812 1722; x_wconf 88' lang='lat' dir='ltr'><strong>per</strong></span> <span class='ocrx_word' id='word_1_27' title='bbox 836 1637 955 1719; x_wconf 88' lang='lat' dir='ltr'><strong>templa</strong></span> <span class='ocrx_word' id='word_1_28' title='bbox 983 1637 1186 1720; x_wconf 82' lang='lat' dir='ltr'><strong>perhibentur</strong></span> <span class='ocrx_word' id='word_1_29' title='bbox 1216 1636 1360 1702; x_wconf 86' lang='lat' dir='ltr'><strong>iliorum.</strong></span> 
     </span>
     <span class='ocr_line' id='line_1_5' title="bbox 227 1742 1359 1827; baseline 0 -19"><span class='ocrx_word' id='word_1_30' title='bbox 227 1745 343 1809; x_wconf 89' lang='lat' dir='ltr'><strong>Verum</strong></span> <span class='ocrx_word' id='word_1_31' title='bbox 371 1744 400 1809; x_wconf 91' lang='lat' dir='ltr'><strong>si</strong></span> <span class='ocrx_word' id='word_1_32' title='bbox 422 1763 484 1827; x_wconf 86' lang='lat' dir='ltr'><strong>qua</strong></span> <span class='ocrx_word' id='word_1_33' title='bbox 506 1744 624 1809; x_wconf 85' lang='lat' dir='ltr'><strong>similia</strong></span> <span class='ocrx_word' id='word_1_34' title='bbox 650 1743 806 1812; x_wconf 86' lang='lat' dir='ltr'><strong>uidentur.</strong></span> <span class='ocrx_word' id='word_1_35' title='bbox 836 1744 919 1809; x_wconf 90' lang='lat' dir='ltr'><strong>sicut</strong></span> <span class='ocrx_word' id='word_1_36' title='bbox 941 1763 960 1808; x_wconf 90' lang='lat' dir='ltr'><strong>a</strong></span> <span class='ocrx_word' id='word_1_37' title='bbox 981 1742 1091 1826; x_wconf 81' lang='lat' dir='ltr'><strong>Moyse</strong></span> <span class='ocrx_word' id='word_1_38' title='bbox 1113 1743 1197 1827; x_wconf 84' lang='lat' dir='ltr'><strong>megi</strong></span> <span class='ocrx_word' id='word_1_39' title='bbox 1220 1742 1359 1808; x_wconf 87' lang='lat' dir='ltr'><strong>Pharao-</strong></span> 
     </span>
     <span class='ocr_line' id='line_1_6' title="bbox 226 1847 1402 1932; baseline -0.005 -18"><span class='ocrx_word' id='word_1_40' title='bbox 226 1851 285 1928; x_wconf 87' lang='lat' dir='ltr'><strong>nis,</strong></span> <span class='ocrx_word' id='word_1_41' title='bbox 313 1851 358 1915; x_wconf 89' lang='lat' dir='ltr'><strong>sic</strong></span> <span class='ocrx_word' id='word_1_42' title='bbox 387 1868 495 1915; x_wconf 88' lang='lat' dir='ltr'><strong>eorum</strong></span> <span class='ocrx_word' id='word_1_43' title='bbox 521 1849 553 1913; x_wconf 83' lang='lat' dir='ltr'><strong>ui</strong></span> <span class='ocrx_word' id='word_1_44' title='bbox 580 1850 658 1914; x_wconf 89' lang='lat' dir='ltr'><strong>uicti</strong></span> <span class='ocrx_word' id='word_1_45' title='bbox 686 1855 761 1913; x_wconf 88' lang='lat' dir='ltr'><strong>sunt</strong></span> <span class='ocrx_word' id='word_1_46' title='bbox 788 1869 806 1913; x_wconf 92' lang='lat' dir='ltr'><strong>a</strong></span> <span class='ocrx_word' id='word_1_47' title='bbox 829 1848 1018 1932; x_wconf 74' lang='lat' dir='ltr'><strong>martyribus</strong></span> <span class='ocrx_word' id='word_1_48' title='bbox 1041 1848 1167 1914; x_wconf 88' lang='lat' dir='ltr'><strong>nostris.</strong></span> <span class='ocrx_word' id='word_1_49' title='bbox 1199 1847 1360 1912; x_wconf 81' lang='lat' dir='ltr'><strong>Fecerunt</strong></span> <span class='ocrx_word' id='word_1_50' title='bbox 1388 1868 1402 1907; x_wconf 77' lang='lat' dir='ltr'><strong>a</strong></span> 
     </span>
     <span class='ocr_line' id='line_1_7' title="bbox 227 1953 1358 2037; baseline -0.003 -16"><span class='ocrx_word' id='word_1_51' title='bbox 227 1963 333 2021; x_wconf 88' lang='lat' dir='ltr'><strong>autem</strong></span> <span class='ocrx_word' id='word_1_52' title='bbox 359 1956 415 2020; x_wconf 92' lang='lat' dir='ltr'><strong>illa</strong></span> <span class='ocrx_word' id='word_1_53' title='bbox 438 1956 603 2020; x_wconf 87' lang='lat' dir='ltr'><strong>daemones</strong></span> <span class='ocrx_word' id='word_1_54' title='bbox 631 1974 667 2019; x_wconf 89' lang='lat' dir='ltr'><strong>en</strong></span> <span class='ocrx_word' id='word_1_55' title='bbox 695 1956 779 2019; x_wconf 84' lang='lat' dir='ltr'><strong>fastu</strong></span> <span class='ocrx_word' id='word_1_56' title='bbox 804 1957 933 2037; x_wconf 84' lang='lat' dir='ltr'><strong>inpurae</strong></span> <span class='ocrx_word' id='word_1_57' title='bbox 956 1953 1131 2037; x_wconf 86' lang='lat' dir='ltr'><strong>superbiae,</strong></span> <span class='ocrx_word' id='word_1_58' title='bbox 1160 1973 1221 2035; x_wconf 85' lang='lat' dir='ltr'><strong>qun</strong></span> <span class='ocrx_word' id='word_1_59' title='bbox 1246 1973 1358 2018; x_wconf 87' lang='lat' dir='ltr'><strong>eornm</strong></span> 
     </span>
     <span class='ocr_line' id='line_1_8' title="bbox 227 2059 1357 2141; baseline -0.002 -15"><span class='ocrx_word' id='word_1_60' title='bbox 227 2062 257 2126; x_wconf 88' lang='lat' dir='ltr'><strong>di</strong></span> <span class='ocrx_word' id='word_1_61' title='bbox 290 2080 359 2126; x_wconf 90' lang='lat' dir='ltr'><strong>esse</strong></span> <span class='ocrx_word' id='word_1_62' title='bbox 390 2060 576 2131; x_wconf 83' lang='lat' dir='ltr'><strong>uoluerunt;</strong></span> <span class='ocrx_word' id='word_1_63' title='bbox 608 2060 728 2124; x_wconf 84' lang='lat' dir='ltr'><strong>iaciunt</strong></span> <span class='ocrx_word' id='word_1_64' title='bbox 757 2063 861 2124; x_wconf 86' lang='lat' dir='ltr'><strong>autem</strong></span> <span class='ocrx_word' id='word_1_65' title='bbox 890 2060 951 2123; x_wconf 86' lang='lat' dir='ltr'><strong>ieta</strong></span> <span class='ocrx_word' id='word_1_66' title='bbox 983 2064 1134 2141; x_wconf 78' lang='lat' dir='ltr'><strong>martyres</strong></span> <span class='ocrx_word' id='word_1_67' title='bbox 1162 2060 1215 2123; x_wconf 89' lang='lat' dir='ltr'><strong>nel</strong></span> <span class='ocrx_word' id='word_1_68' title='bbox 1247 2059 1357 2141; x_wconf 88' lang='lat' dir='ltr'><strong>petius</strong></span> 
     </span>
     <span class='ocr_line' id='line_1_9' title="bbox 226 2163 1357 2248; baseline -0.004 -16"><span class='ocrx_word' id='word_1_69' title='bbox 226 2168 312 2232; x_wconf 89' lang='lat' dir='ltr'><strong>Dens</strong></span> <span class='ocrx_word' id='word_1_70' title='bbox 335 2169 391 2231; x_wconf 89' lang='lat' dir='ltr'><strong>eut</strong></span> <span class='ocrx_word' id='word_1_71' title='bbox 419 2166 657 2248; x_wconf 79' lang='lat' dir='ltr'><strong>cooperantibus</strong></span> <span class='ocrx_word' id='word_1_72' title='bbox 680 2173 735 2230; x_wconf 87' lang='lat' dir='ltr'><strong>eut</strong></span> <span class='ocrx_word' id='word_1_73' title='bbox 759 2165 919 2230; x_wconf 85' lang='lat' dir='ltr'><strong>orantibus</strong></span> <span class='ocrx_word' id='word_1_74' title='bbox 942 2165 998 2241; x_wconf 89' lang='lat' dir='ltr'><strong>eis,</strong></span> <span class='ocrx_word' id='word_1_75' title='bbox 1027 2169 1064 2230; x_wconf 90' lang='lat' dir='ltr'><strong>ut</strong></span> <span class='ocrx_word' id='word_1_76' title='bbox 1085 2163 1163 2230; x_wconf 85' lang='lat' dir='ltr'><strong>fides</strong></span> <span class='ocrx_word' id='word_1_77' title='bbox 1185 2164 1241 2229; x_wconf 91' lang='lat' dir='ltr'><strong>illa</strong></span> <span class='ocrx_word' id='word_1_78' title='bbox 1264 2164 1357 2246; x_wconf 84' lang='lat' dir='ltr'><strong>prefi-</strong></span> 
     </span>
     <span class='ocr_line' id='line_1_10' title="bbox 226 2271 1357 2355; baseline -0.001 -18"><span class='ocrx_word' id='word_1_79' title='bbox 226 2274 298 2349; x_wconf 82' lang='lat' dir='ltr'><strong>ciat,</strong></span> <span class='ocrx_word' id='word_1_80' title='bbox 327 2291 389 2355; x_wconf 88' lang='lat' dir='ltr'><strong>qua</strong></span> <span class='ocrx_word' id='word_1_81' title='bbox 410 2291 464 2337; x_wconf 86' lang='lat' dir='ltr'><strong>ens</strong></span> <span class='ocrx_word' id='word_1_82' title='bbox 487 2290 546 2336; x_wconf 91' lang='lat' dir='ltr'><strong>ncn</strong></span> <span class='ocrx_word' id='word_1_83' title='bbox 571 2271 647 2336; x_wconf 86' lang='lat' dir='ltr'><strong>dees</strong></span> <span class='ocrx_word' id='word_1_84' title='bbox 670 2276 794 2336; x_wconf 86' lang='lat' dir='ltr'><strong>nostres</strong></span> <span class='ocrx_word' id='word_1_85' title='bbox 818 2290 897 2348; x_wconf 86' lang='lat' dir='ltr'><strong>esse,</strong></span> <span class='ocrx_word' id='word_1_86' title='bbox 926 2272 981 2336; x_wconf 88' lang='lat' dir='ltr'><strong>sed</strong></span> <span class='ocrx_word' id='word_1_87' title='bbox 1004 2291 1102 2336; x_wconf 91' lang='lat' dir='ltr'><strong>unum</strong></span> <span class='ocrx_word' id='word_1_88' title='bbox 1125 2271 1227 2335; x_wconf 90' lang='lat' dir='ltr'><strong>Deum</strong></span> <span class='ocrx_word' id='word_1_89' title='bbox 1250 2271 1357 2336; x_wconf 88' lang='lat' dir='ltr'><strong>nobis·</strong></span> 
     </span>
     <span class='ocr_line' id='line_1_11' title="bbox 226 2377 1399 2460; baseline -0.006 -17"><span class='ocrx_word' id='word_1_90' title='bbox 226 2399 297 2444; x_wconf 90' lang='lat' dir='ltr'><strong>cum</strong></span> <span class='ocrx_word' id='word_1_91' title='bbox 321 2379 435 2443; x_wconf 89' lang='lat' dir='ltr'><strong>babere</strong></span> <span class='ocrx_word' id='word_1_92' title='bbox 457 2378 630 2443; x_wconf 83' lang='lat' dir='ltr'><strong>credamne.</strong></span> <span class='ocrx_word' id='word_1_93' title='bbox 656 2378 795 2460; x_wconf 88' lang='lat' dir='ltr'><strong>Denique</strong></span> <span class='ocrx_word' id='word_1_94' title='bbox 818 2377 865 2442; x_wconf 91' lang='lat' dir='ltr'><strong>illi</strong></span> <span class='ocrx_word' id='word_1_95' title='bbox 888 2378 1005 2443; x_wconf 89' lang='lat' dir='ltr'><strong>talibus</strong></span> <span class='ocrx_word' id='word_1_96' title='bbox 1030 2377 1078 2442; x_wconf 88' lang='lat' dir='ltr'><strong>dis</strong></span> <span class='ocrx_word' id='word_1_97' title='bbox 1098 2378 1165 2442; x_wconf 88' lang='lat' dir='ltr'><strong>suis</strong></span> <span class='ocrx_word' id='word_1_98' title='bbox 1185 2380 1218 2442; x_wconf 89' lang='lat' dir='ltr'><strong>et</strong></span> <span class='ocrx_word' id='word_1_99' title='bbox 1234 2377 1356 2460; x_wconf 79' lang='lat' dir='ltr'><strong>templa</strong></span> <span class='ocrx_word' id='word_1_100' title='bbox 1372 2396 1399 2436; x_wconf 77' lang='grc' dir='ltr'><strong>ιο</strong></span> 
     </span>
     <span class='ocr_line' id='line_1_12' title="bbox 226 2483 1357 2560; baseline -0.002 -10"><span class='ocrx_word' id='word_1_101' title='bbox 226 2484 468 2551; x_wconf 86' lang='lat' dir='ltr'><strong>aedibeauerunt</strong></span> <span class='ocrx_word' id='word_1_102' title='bbox 499 2490 532 2549; x_wconf 87' lang='lat' dir='ltr'><strong>et</strong></span> <span class='ocrx_word' id='word_1_103' title='bbox 562 2487 741 2549; x_wconf 88' lang='lat' dir='ltr'><strong>statuerunt</strong></span> <span class='ocrx_word' id='word_1_104' title='bbox 768 2504 847 2560; x_wconf 87' lang='lat' dir='ltr'><strong>aras,</strong></span> <span class='ocrx_word' id='word_1_105' title='bbox 880 2490 912 2549; x_wconf 89' lang='lat' dir='ltr'><strong>et</strong></span> <span class='ocrx_word' id='word_1_106' title='bbox 943 2483 1119 2549; x_wconf 87' lang='lat' dir='ltr'><strong>sacerdotes</strong></span> <span class='ocrx_word' id='word_1_107' title='bbox 1151 2484 1357 2549; x_wconf 84' lang='lat' dir='ltr'><strong>instituerunt</strong></span> 
     </span>
     <span class='ocr_line' id='line_1_13' title="bbox 227 2589 1356 2673; baseline -0.002 -17"><span class='ocrx_word' id='word_1_108' title='bbox 227 2596 259 2656; x_wconf 91' lang='lat' dir='ltr'><strong>et</strong></span> <span class='ocrx_word' id='word_1_109' title='bbox 282 2590 434 2656; x_wconf 86' lang='lat' dir='ltr'><strong>sacrificia</strong></span> <span class='ocrx_word' id='word_1_110' title='bbox 455 2591 612 2665; x_wconf 85' lang='lat' dir='ltr'><strong>iecerunt;</strong></span> <span class='ocrx_word' id='word_1_111' title='bbox 635 2610 691 2655; x_wconf 92' lang='lat' dir='ltr'><strong>nns</strong></span> <span class='ocrx_word' id='word_1_112' title='bbox 715 2594 821 2656; x_wconf 88' lang='lat' dir='ltr'><strong>antem</strong></span> <span class='ocrx_word' id='word_1_113' title='bbox 843 2590 1033 2673; x_wconf 74' lang='lat' dir='ltr'><strong>martyribus</strong></span> <span class='ocrx_word' id='word_1_114' title='bbox 1055 2589 1171 2654; x_wconf 87' lang='lat' dir='ltr'><strong>nostris</strong></span> <span class='ocrx_word' id='word_1_115' title='bbox 1194 2609 1254 2654; x_wconf 87' lang='lat' dir='ltr'><strong>non</strong></span> <span class='ocrx_word' id='word_1_116' title='bbox 1276 2595 1356 2654; x_wconf 87' lang='lat' dir='ltr'><strong>tenr-</strong></span> 
     </span>
     <span class='ocr_line' id='line_1_14' title="bbox 225 2695 1355 2780; baseline -0.001 -19"><span class='ocrx_word' id='word_1_117' title='bbox 225 2696 278 2780; x_wconf 87' lang='lat' dir='ltr'><strong>pla</strong></span> <span class='ocrx_word' id='word_1_118' title='bbox 300 2698 384 2762; x_wconf 84' lang='lat' dir='ltr'><strong>sicut</strong></span> <span class='ocrx_word' id='word_1_119' title='bbox 405 2696 465 2772; x_wconf 83' lang='lat' dir='ltr'><strong>(iis,</strong></span> <span class='ocrx_word' id='word_1_120' title='bbox 489 2697 545 2762; x_wconf 86' lang='lat' dir='ltr'><strong>sed</strong></span> <span class='ocrx_word' id='word_1_121' title='bbox 568 2696 734 2762; x_wconf 85' lang='lat' dir='ltr'><strong>memorias</strong></span> <span class='ocrx_word' id='word_1_122' title='bbox 754 2696 837 2761; x_wconf 87' lang='lat' dir='ltr'><strong>sicut</strong></span> <span class='ocrx_word' id='word_1_123' title='bbox 855 2695 1035 2761; x_wconf 90' lang='lat' dir='ltr'><strong>hominibus</strong></span> <span class='ocrx_word' id='word_1_124' title='bbox 1053 2695 1197 2773; x_wconf 82' lang='lat' dir='ltr'><strong>mortuis,</strong></span> <span class='ocrx_word' id='word_1_125' title='bbox 1220 2715 1355 2779; x_wconf 88' lang='lat' dir='ltr'><strong>quornm</strong></span> 
     </span>
     <span class='ocr_line' id='line_1_15' title="bbox 225 2801 1354 2886; baseline -0.003 -18"><span class='ocrx_word' id='word_1_126' title='bbox 225 2805 303 2886; x_wconf 86' lang='lat' dir='ltr'><strong>aput</strong></span> <span class='ocrx_word' id='word_1_127' title='bbox 332 2802 435 2867; x_wconf 88' lang='lat' dir='ltr'><strong>Deum</strong></span> <span class='ocrx_word' id='word_1_128' title='bbox 466 2802 582 2868; x_wconf 90' lang='lat' dir='ltr'><strong>uiuunt</strong></span> <span class='ocrx_word' id='word_1_129' title='bbox 613 2802 753 2885; x_wconf 88' lang='lat' dir='ltr'><strong>spiritus,</strong></span> <span class='ocrx_word' id='word_1_130' title='bbox 785 2802 991 2876; x_wconf 77' lang='lat' dir='ltr'><strong>fabricamns3</strong></span> <span class='ocrx_word' id='word_1_131' title='bbox 1029 2821 1087 2866; x_wconf 92' lang='lat' dir='ltr'><strong>nec</strong></span> <span class='ocrx_word' id='word_1_132' title='bbox 1122 2802 1166 2865; x_wconf 94' lang='lat' dir='ltr'><strong>ibi</strong></span> <span class='ocrx_word' id='word_1_133' title='bbox 1202 2801 1354 2885; x_wconf 83' lang='lat' dir='ltr'><strong>erigimus</strong></span> 
     </span>
     <span class='ocr_line' id='line_1_16' title="bbox 225 2906 1397 2992; baseline -0.002 -18"><span class='ocrx_word' id='word_1_134' title='bbox 225 2908 345 2984; x_wconf 74' lang='lat' dir='ltr'><strong>altana,</strong></span> <span class='ocrx_word' id='word_1_135' title='bbox 377 2908 410 2972; x_wconf 92' lang='lat' dir='ltr'><strong>in</strong></span> <span class='ocrx_word' id='word_1_136' title='bbox 440 2908 554 2992; x_wconf 85' lang='lat' dir='ltr'><strong>quibus</strong></span> <span class='ocrx_word' id='word_1_137' title='bbox 582 2907 793 2973; x_wconf 86' lang='lat' dir='ltr'><strong>sacrificemus</strong></span> <span class='ocrx_word' id='word_1_138' title='bbox 826 2908 1024 2991; x_wconf 79' lang='lat' dir='ltr'><strong>martyribus,</strong></span> <span class='ocrx_word' id='word_1_139' title='bbox 1057 2907 1113 2973; x_wconf 91' lang='lat' dir='ltr'><strong>sed</strong></span> <span class='ocrx_word' id='word_1_140' title='bbox 1140 2907 1194 2971; x_wconf 92' lang='lat' dir='ltr'><strong>uni</strong></span> <span class='ocrx_word' id='word_1_141' title='bbox 1225 2906 1292 2971; x_wconf 87' lang='lat' dir='ltr'><strong>Deo</strong></span> <span class='ocrx_word' id='word_1_142' title='bbox 1323 2913 1356 2972; x_wconf 87' lang='lat' dir='ltr'><strong>et</strong></span> <span class='ocrx_word' id='word_1_143' title='bbox 1372 2923 1397 2964; x_wconf 71' lang='grc' dir='ltr'><strong>ι·</strong></span> 
     </span>
     <span class='ocr_line' id='line_1_17' title="bbox 226 3012 1354 3098; baseline -0.003 -18"><span class='ocrx_word' id='word_1_144' title='bbox 226 3024 396 3098; x_wconf 85' lang='lat' dir='ltr'><strong>martyrum</strong></span> <span class='ocrx_word' id='word_1_145' title='bbox 425 3020 457 3079; x_wconf 85' lang='lat' dir='ltr'><strong>et</strong></span> <span class='ocrx_word' id='word_1_146' title='bbox 483 3019 606 3089; x_wconf 74' lang='lat' dir='ltr'><strong>noetr03</strong></span> <span class='ocrx_word' id='word_1_147' title='bbox 635 3014 673 3079; x_wconf 83' lang='lat' dir='ltr'><strong>ed</strong></span> <span class='ocrx_word' id='word_1_148' title='bbox 696 3014 779 3097; x_wconf 86' lang='lat' dir='ltr'><strong>qued</strong></span> <span class='ocrx_word' id='word_1_149' title='bbox 803 3014 991 3080; x_wconf 85' lang='lat' dir='ltr'><strong>sacrificium</strong></span> <span class='ocrx_word' id='word_1_150' title='bbox 1014 3014 1098 3079; x_wconf 89' lang='lat' dir='ltr'><strong>sicut</strong></span> <span class='ocrx_word' id='word_1_151' title='bbox 1118 3013 1260 3079; x_wconf 86' lang='lat' dir='ltr'><strong>homines</strong></span> <span class='ocrx_word' id='word_1_152' title='bbox 1283 3012 1354 3093; x_wconf 88' lang='lat' dir='ltr'><strong>Dei,</strong></span> 
     </span>
     <span class='ocr_line' id='line_1_18' title="bbox 226 3119 1356 3204; baseline -0.001 -18"><span class='ocrx_word' id='word_1_153' title='bbox 226 3121 280 3204; x_wconf 91' lang='lat' dir='ltr'><strong>qni</strong></span> <span class='ocrx_word' id='word_1_154' title='bbox 303 3120 454 3186; x_wconf 85' lang='lat' dir='ltr'><strong>mundum</strong></span> <span class='ocrx_word' id='word_1_155' title='bbox 477 3121 508 3185; x_wconf 93' lang='lat' dir='ltr'><strong>in</strong></span> <span class='ocrx_word' id='word_1_156' title='bbox 532 3120 600 3186; x_wconf 88' lang='lat' dir='ltr'><strong>eius</strong></span> <span class='ocrx_word' id='word_1_157' title='bbox 624 3119 820 3185; x_wconf 81' lang='lat' dir='ltr'><strong>confessione</strong></span> <span class='ocrx_word' id='word_1_158' title='bbox 843 3119 995 3196; x_wconf 89' lang='lat' dir='ltr'><strong>uicerunt,</strong></span> <span class='ocrx_word' id='word_1_159' title='bbox 1019 3139 1077 3186; x_wconf 88' lang='lat' dir='ltr'><strong>suo</strong></span> <span class='ocrx_word' id='word_1_160' title='bbox 1099 3119 1170 3186; x_wconf 85' lang='lat' dir='ltr'><strong>loen</strong></span> <span class='ocrx_word' id='word_1_161' title='bbox 1193 3122 1225 3184; x_wconf 89' lang='lat' dir='ltr'><strong>et</strong></span> <span class='ocrx_word' id='word_1_162' title='bbox 1247 3119 1356 3185; x_wconf 82' lang='lat' dir='ltr'><strong>urdine</strong></span> 
     </span>
     <span class='ocr_line' id='line_1_19' title="bbox 226 3226 1355 3311; baseline -0.001 -19"><span class='ocrx_word' id='word_1_163' title='bbox 226 3228 432 3302; x_wconf 83' lang='lat' dir='ltr'><strong>nominantur,</strong></span> <span class='ocrx_word' id='word_1_164' title='bbox 456 3248 515 3292; x_wconf 89' lang='lat' dir='ltr'><strong>non</strong></span> <span class='ocrx_word' id='word_1_165' title='bbox 540 3233 643 3293; x_wconf 88' lang='lat' dir='ltr'><strong>tumen</strong></span> <span class='ocrx_word' id='word_1_166' title='bbox 668 3247 686 3291; x_wconf 91' lang='lat' dir='ltr'><strong>a</strong></span> <span class='ocrx_word' id='word_1_167' title='bbox 708 3226 879 3305; x_wconf 84' lang='lat' dir='ltr'><strong>sacerdote,</strong></span> <span class='ocrx_word' id='word_1_168' title='bbox 900 3228 953 3311; x_wconf 90' lang='lat' dir='ltr'><strong>qui</strong></span> <span class='ocrx_word' id='word_1_169' title='bbox 976 3227 1141 3304; x_wconf 82' lang='lat' dir='ltr'><strong>sacrificat,</strong></span> <span class='ocrx_word' id='word_1_170' title='bbox 1158 3228 1355 3293; x_wconf 80' lang='lat' dir='ltr'><strong>innocenter.</strong></span> 
     </span>
     <span class='ocr_line' id='line_1_20' title="bbox 227 3333 1354 3419; baseline -0.002 -20"><span class='ocrx_word' id='word_1_171' title='bbox 227 3336 292 3418; x_wconf 87' lang='lat' dir='ltr'><strong>Deo</strong></span> <span class='ocrx_word' id='word_1_172' title='bbox 321 3336 446 3419; x_wconf 86' lang='lat' dir='ltr'><strong>quippe,</strong></span> <span class='ocrx_word' id='word_1_173' title='bbox 474 3354 533 3400; x_wconf 91' lang='lat' dir='ltr'><strong>non</strong></span> <span class='ocrx_word' id='word_1_174' title='bbox 561 3336 639 3416; x_wconf 86' lang='lat' dir='ltr'><strong>ipsis</strong></span> <span class='ocrx_word' id='word_1_175' title='bbox 667 3333 832 3408; x_wconf 88' lang='lat' dir='ltr'><strong>sacrificat,</strong></span> <span class='ocrx_word' id='word_1_176' title='bbox 860 3335 1004 3417; x_wconf 88' lang='lat' dir='ltr'><strong>quamuis</strong></span> <span class='ocrx_word' id='word_1_177' title='bbox 1030 3334 1062 3398; x_wconf 90' lang='lat' dir='ltr'><strong>in</strong></span> <span class='ocrx_word' id='word_1_178' title='bbox 1090 3335 1239 3400; x_wconf 87' lang='lat' dir='ltr'><strong>memoria</strong></span> <span class='ocrx_word' id='word_1_179' title='bbox 1262 3334 1354 3399; x_wconf 85' lang='lat' dir='ltr'><strong>secri-</strong></span> 
     </span>
     <span class='ocr_line' id='line_1_21' title="bbox 226 3439 1398 3524; baseline -0.001 -19"><span class='ocrx_word' id='word_1_180' title='bbox 226 3442 300 3507; x_wconf 86' lang='lat' dir='ltr'><strong>ficet</strong></span> <span class='ocrx_word' id='word_1_181' title='bbox 326 3460 443 3517; x_wconf 86' lang='lat' dir='ltr'><strong>eorum,</strong></span> <span class='ocrx_word' id='word_1_182' title='bbox 472 3441 545 3524; x_wconf 89' lang='lat' dir='ltr'><strong>quia</strong></span> <span class='ocrx_word' id='word_1_183' title='bbox 567 3440 625 3504; x_wconf 88' lang='lat' dir='ltr'><strong>Dei</strong></span> <span class='ocrx_word' id='word_1_184' title='bbox 649 3440 793 3505; x_wconf 87' lang='lat' dir='ltr'><strong>sacerdos</strong></span> <span class='ocrx_word' id='word_1_185' title='bbox 820 3444 879 3514; x_wconf 87' lang='lat' dir='ltr'><strong>est,</strong></span> <span class='ocrx_word' id='word_1_186' title='bbox 907 3459 967 3505; x_wconf 91' lang='lat' dir='ltr'><strong>nnn</strong></span> <span class='ocrx_word' id='word_1_187' title='bbox 990 3440 1124 3505; x_wconf 86' lang='lat' dir='ltr'><strong>illorum.</strong></span> <span class='ocrx_word' id='word_1_188' title='bbox 1146 3439 1256 3523; x_wconf 86' lang='lat' dir='ltr'><strong>Ipsum</strong></span> <span class='ocrx_word' id='word_1_189' title='bbox 1278 3457 1354 3504; x_wconf 89' lang='lat' dir='ltr'><strong>uere</strong></span> <span class='ocrx_word' id='word_1_190' title='bbox 1372 3453 1398 3492; x_wconf 64' lang='grc' dir='ltr'>κ</span> 
     </span>
     <span class='ocr_line' id='line_1_22' title="bbox 227 3545 1355 3629; baseline -0.004 -16"><span class='ocrx_word' id='word_1_191' title='bbox 227 3547 413 3614; x_wconf 88' lang='lat' dir='ltr'><strong>sacrificium</strong></span> <span class='ocrx_word' id='word_1_192' title='bbox 443 3565 554 3628; x_wconf 85' lang='lat' dir='ltr'><strong>corpus</strong></span> <span class='ocrx_word' id='word_1_193' title='bbox 582 3550 632 3611; x_wconf 91' lang='lat' dir='ltr'><strong>est</strong></span> <span class='ocrx_word' id='word_1_194' title='bbox 659 3545 786 3628; x_wconf 80' lang='lat' dir='ltr'><strong>Christi,</strong></span> <span class='ocrx_word' id='word_1_195' title='bbox 814 3546 898 3628; x_wconf 86' lang='lat' dir='ltr'><strong>qued</strong></span> <span class='ocrx_word' id='word_1_196' title='bbox 924 3566 984 3610; x_wconf 91' lang='lat' dir='ltr'><strong>nnn</strong></span> <span class='ocrx_word' id='word_1_197' title='bbox 1012 3546 1141 3611; x_wconf 82' lang='lat' dir='ltr'><strong>effertur</strong></span> <span class='ocrx_word' id='word_1_198' title='bbox 1163 3545 1252 3629; x_wconf 86' lang='lat' dir='ltr'><strong>ipsis,</strong></span> <span class='ocrx_word' id='word_1_199' title='bbox 1279 3545 1355 3628; x_wconf 86' lang='lat' dir='ltr'><strong>quia</strong></span> 
     </span>
     <span class='ocr_line' id='line_1_23' title="bbox 227 3647 1355 3734; baseline 0.001 -19"><span class='ocrx_word' id='word_1_200' title='bbox 227 3652 285 3717; x_wconf 86' lang='lat' dir='ltr'><strong>boc</strong></span> <span class='ocrx_word' id='word_1_201' title='bbox 309 3655 383 3718; x_wconf 91' lang='lat' dir='ltr'><strong>sunt</strong></span> <span class='ocrx_word' id='word_1_202' title='bbox 404 3655 437 3715; x_wconf 88' lang='lat' dir='ltr'><strong>et</strong></span> <span class='ocrx_word' id='word_1_203' title='bbox 459 3650 529 3733; x_wconf 90' lang='lat' dir='ltr'><strong>ipsi.</strong></span> <span class='ocrx_word' id='word_1_204' title='bbox 548 3647 670 3728; x_wconf 90' lang='lat' dir='ltr'><strong>Quibus</strong></span> <span class='ocrx_word' id='word_1_205' title='bbox 689 3650 787 3734; x_wconf 82' lang='lat' dir='ltr'><strong>igitur</strong></span> <span class='ocrx_word' id='word_1_206' title='bbox 803 3651 910 3732; x_wconf 86' lang='lat' dir='ltr'><strong>potius</strong></span> <span class='ocrx_word' id='word_1_207' title='bbox 929 3649 1116 3715; x_wconf 86' lang='lat' dir='ltr'><strong>credendum</strong></span> <span class='ocrx_word' id='word_1_208' title='bbox 1136 3656 1185 3714; x_wconf 86' lang='lat' dir='ltr'><strong>est</strong></span> <span class='ocrx_word' id='word_1_209' title='bbox 1202 3651 1355 3716; x_wconf 89' lang='lat' dir='ltr'><strong>miracula</strong></span> 
     </span>
     <span class='ocr_line' id='line_1_24' title="bbox 226 3755 1355 3837; baseline 0 -15"><span class='ocrx_word' id='word_1_210' title='bbox 226 3758 437 3823; x_wconf 83' lang='lat' dir='ltr'><strong>facientibus?</strong></span> <span class='ocrx_word' id='word_1_211' title='bbox 469 3755 563 3820; x_wconf 82' lang='lat' dir='ltr'><strong>Eisue</strong></span> <span class='ocrx_word' id='word_1_212' title='bbox 595 3756 648 3837; x_wconf 88' lang='lat' dir='ltr'><strong>qui</strong></span> <span class='ocrx_word' id='word_1_213' title='bbox 681 3775 715 3820; x_wconf 91' lang='lat' dir='ltr'><strong>se</strong></span> <span class='ocrx_word' id='word_1_214' title='bbox 747 3759 835 3837; x_wconf 86' lang='lat' dir='ltr'><strong>ipsos</strong></span> <span class='ocrx_word' id='word_1_215' title='bbox 861 3755 974 3820; x_wconf 89' lang='lat' dir='ltr'><strong>uolunt</strong></span> <span class='ocrx_word' id='word_1_216' title='bbox 999 3757 1104 3822; x_wconf 85' lang='lat' dir='ltr'><strong>baberi</strong></span> <span class='ocrx_word' id='word_1_217' title='bbox 1131 3756 1206 3821; x_wconf 83' lang='lat' dir='ltr'><strong>deos</strong></span> <span class='ocrx_word' id='word_1_218' title='bbox 1238 3757 1277 3821; x_wconf 84' lang='lat' dir='ltr'><strong>ab</strong></span> <span class='ocrx_word' id='word_1_219' title='bbox 1304 3757 1355 3822; x_wconf 89' lang='lat' dir='ltr'><strong>bis</strong></span> 
     </span>
     <span class='ocr_line' id='line_1_25' title="bbox 227 3861 1356 3947; baseline -0.002 -19"><span class='ocrx_word' id='word_1_220' title='bbox 227 3863 342 3947; x_wconf 85' lang='lat' dir='ltr'><strong>quibus</strong></span> <span class='ocrx_word' id='word_1_221' title='bbox 365 3882 401 3928; x_wconf 89' lang='lat' dir='ltr'><strong>ea</strong></span> <span class='ocrx_word' id='word_1_222' title='bbox 423 3862 552 3937; x_wconf 86' lang='lat' dir='ltr'><strong>iaciunt,</strong></span> <span class='ocrx_word' id='word_1_223' title='bbox 580 3880 618 3925; x_wconf 88' lang='lat' dir='ltr'><strong>en</strong></span> <span class='ocrx_word' id='word_1_224' title='bbox 642 3861 687 3924; x_wconf 90' lang='lat' dir='ltr'><strong>eis</strong></span> <span class='ocrx_word' id='word_1_225' title='bbox 710 3861 775 3942; x_wconf 89' lang='lat' dir='ltr'><strong>qni,</strong></span> <span class='ocrx_word' id='word_1_226' title='bbox 803 3861 893 3926; x_wconf 92' lang='lat' dir='ltr'><strong>utin</strong></span> <span class='ocrx_word' id='word_1_227' title='bbox 916 3861 1016 3926; x_wconf 89' lang='lat' dir='ltr'><strong>Deum</strong></span> <span class='ocrx_word' id='word_1_228' title='bbox 1040 3861 1194 3935; x_wconf 84' lang='lat' dir='ltr'><strong>credatur,</strong></span> <span class='ocrx_word' id='word_1_229' title='bbox 1217 3862 1300 3946; x_wconf 84' lang='lat' dir='ltr'><strong>qrrcd</strong></span> <span class='ocrx_word' id='word_1_230' title='bbox 1322 3869 1356 3928; x_wconf 85' lang='lat' dir='ltr'><strong>et</strong></span> 
     </span>
     <span class='ocr_line' id='line_1_26' title="bbox 228 3966 1398 4052; baseline -0.002 -18"><span class='ocrx_word' id='word_1_231' title='bbox 228 3969 372 4036; x_wconf 82' lang='lat' dir='ltr'><strong>Christus</strong></span> <span class='ocrx_word' id='word_1_232' title='bbox 405 3974 464 4042; x_wconf 87' lang='lat' dir='ltr'><strong>est,</strong></span> <span class='ocrx_word' id='word_1_233' title='bbox 497 3966 616 4032; x_wconf 86' lang='lat' dir='ltr'><strong>faciunt</strong></span> <span class='ocrx_word' id='word_1_234' title='bbox 647 3966 798 4049; x_wconf 87' lang='lat' dir='ltr'><strong>quidquid</strong></span> <span class='ocrx_word' id='word_1_235' title='bbox 830 3967 972 4032; x_wconf 89' lang='lat' dir='ltr'><strong>mirabile</strong></span> <span class='ocrx_word' id='word_1_236' title='bbox 1000 3968 1142 4033; x_wconf 81' lang='lat' dir='ltr'><strong>iaciunt?</strong></span> <span class='ocrx_word' id='word_1_237' title='bbox 1173 3969 1267 4032; x_wconf 80' lang='lat' dir='ltr'><strong>Eisne</strong></span> <span class='ocrx_word' id='word_1_238' title='bbox 1300 3971 1354 4052; x_wconf 87' lang='lat' dir='ltr'><strong>qui</strong></span> <span class='ocrx_word' id='word_1_239' title='bbox 1372 3991 1398 4032; x_wconf 82' lang='lat' dir='ltr'><strong>re</strong></span> 
     </span>
     <span class='ocr_line' id='line_1_27' title="bbox 228 4074 1354 4157; baseline -0.001 -16"><span class='ocrx_word' id='word_1_240' title='bbox 228 4095 316 4140; x_wconf 88' lang='lat' dir='ltr'><strong>sacra</strong></span> <span class='ocrx_word' id='word_1_241' title='bbox 342 4095 401 4141; x_wconf 90' lang='lat' dir='ltr'><strong>sua</strong></span> <span class='ocrx_word' id='word_1_242' title='bbox 427 4074 522 4140; x_wconf 90' lang='lat' dir='ltr'><strong>etiam</strong></span> <span class='ocrx_word' id='word_1_243' title='bbox 550 4074 679 4139; x_wconf 90' lang='lat' dir='ltr'><strong>crimina</strong></span> <span class='ocrx_word' id='word_1_244' title='bbox 706 4093 763 4138; x_wconf 85' lang='lat' dir='ltr'><strong>sua</strong></span> <span class='ocrx_word' id='word_1_245' title='bbox 791 4092 861 4139; x_wconf 88' lang='lat' dir='ltr'><strong>esse</strong></span> <span class='ocrx_word' id='word_1_246' title='bbox 884 4075 1061 4156; x_wconf 88' lang='lat' dir='ltr'><strong>uoluerunt,</strong></span> <span class='ocrx_word' id='word_1_247' title='bbox 1089 4094 1126 4139; x_wconf 91' lang='lat' dir='ltr'><strong>an</strong></span> <span class='ocrx_word' id='word_1_248' title='bbox 1150 4076 1196 4139; x_wconf 92' lang='lat' dir='ltr'><strong>eis</strong></span> <span class='ocrx_word' id='word_1_249' title='bbox 1219 4074 1274 4157; x_wconf 88' lang='lat' dir='ltr'><strong>qui</strong></span> <span class='ocrx_word' id='word_1_250' title='bbox 1297 4093 1354 4140; x_wconf 94' lang='lat' dir='ltr'><strong>nec</strong></span> 
     </span>
     <span class='ocr_line' id='line_1_28' title="bbox 226 4179 1357 4263; baseline 0 -19"><span class='ocrx_word' id='word_1_251' title='bbox 226 4180 336 4247; x_wconf 88' lang='lat' dir='ltr'><strong>laudes</strong></span> <span class='ocrx_word' id='word_1_252' title='bbox 360 4200 432 4245; x_wconf 90' lang='lat' dir='ltr'><strong>suas</strong></span> <span class='ocrx_word' id='word_1_253' title='bbox 455 4180 569 4246; x_wconf 90' lang='lat' dir='ltr'><strong>uolunt</strong></span> <span class='ocrx_word' id='word_1_254' title='bbox 590 4198 659 4244; x_wconf 89' lang='lat' dir='ltr'><strong>esse</strong></span> <span class='ocrx_word' id='word_1_255' title='bbox 682 4198 769 4244; x_wconf 87' lang='lat' dir='ltr'><strong>sacra</strong></span> <span class='ocrx_word' id='word_1_256' title='bbox 791 4198 859 4257; x_wconf 89' lang='lat' dir='ltr'><strong>sna,</strong></span> <span class='ocrx_word' id='word_1_257' title='bbox 883 4179 937 4243; x_wconf 85' lang='lat' dir='ltr'><strong>sed</strong></span> <span class='ocrx_word' id='word_1_258' title='bbox 960 4184 1073 4257; x_wconf 89' lang='lat' dir='ltr'><strong>totum,</strong></span> <span class='ocrx_word' id='word_1_259' title='bbox 1097 4179 1180 4263; x_wconf 87' lang='lat' dir='ltr'><strong>quod</strong></span> <span class='ocrx_word' id='word_1_260' title='bbox 1202 4180 1357 4244; x_wconf 84' lang='lat' dir='ltr'><strong>ueraciter</strong></span> 
     </span>
     <span class='ocr_line' id='line_1_29' title="bbox 227 4284 1354 4369; baseline -0.001 -19"><span class='ocrx_word' id='word_1_261' title='bbox 227 4285 402 4365; x_wconf 86' lang='lat' dir='ltr'><strong>laudantur,</strong></span> <span class='ocrx_word' id='word_1_262' title='bbox 437 4287 476 4352; x_wconf 82' lang='lat' dir='ltr'><strong>ad</strong></span> <span class='ocrx_word' id='word_1_263' title='bbox 507 4287 575 4351; x_wconf 89' lang='lat' dir='ltr'><strong>eius</strong></span> <span class='ocrx_word' id='word_1_264' title='bbox 607 4285 738 4369; x_wconf 85' lang='lat' dir='ltr'><strong>gloriam</strong></span> <span class='ocrx_word' id='word_1_265' title='bbox 770 4284 918 4369; x_wconf 79' lang='lat' dir='ltr'><strong>prolicere</strong></span> <span class='ocrx_word' id='word_1_266' title='bbox 945 4286 975 4349; x_wconf 95' lang='lat' dir='ltr'><strong>in</strong></span> <span class='ocrx_word' id='word_1_267' title='bbox 1008 4303 1069 4368; x_wconf 88' lang='lat' dir='ltr'><strong>quo</strong></span> <span class='ocrx_word' id='word_1_268' title='bbox 1101 4285 1290 4350; x_wconf 77' lang='lat' dir='ltr'><strong>laudantur?</strong></span> <span class='ocrx_word' id='word_1_269' title='bbox 1321 4284 1354 4349; x_wconf 90' lang='lat' dir='ltr'><strong>in</strong></span> 
     </span>
     <span class='ocr_line' id='line_1_30' title="bbox 229 4390 1354 4476; baseline -0.002 -19"><span class='ocrx_word' id='word_1_270' title='bbox 229 4392 363 4457; x_wconf 87' lang='lat' dir='ltr'><strong>Domino</strong></span> <span class='ocrx_word' id='word_1_271' title='bbox 390 4392 505 4476; x_wconf 82' lang='lat' dir='ltr'><strong>quippe</strong></span> <span class='ocrx_word' id='word_1_272' title='bbox 532 4391 699 4457; x_wconf 84' lang='lat' dir='ltr'><strong>laudantur</strong></span> <span class='ocrx_word' id='word_1_273' title='bbox 726 4393 847 4456; x_wconf 84' lang='lat' dir='ltr'><strong>animae</strong></span> <span class='ocrx_word' id='word_1_274' title='bbox 870 4409 987 4456; x_wconf 83' lang='lat' dir='ltr'><strong>eorum.</strong></span> <span class='ocrx_word' id='word_1_275' title='bbox 1016 4390 1187 4457; x_wconf 81' lang='lat' dir='ltr'><strong>Credamus</strong></span> <span class='ocrx_word' id='word_1_276' title='bbox 1211 4410 1283 4473; x_wconf 84' lang='lat' dir='ltr'><strong>erge</strong></span> <span class='ocrx_word' id='word_1_277' title='bbox 1307 4391 1354 4455; x_wconf 90' lang='lat' dir='ltr'><strong>eis</strong></span> 
     </span>
     <span class='ocr_line' id='line_1_31' title="bbox 229 4497 1400 4564; baseline -0.006 0"><span class='ocrx_word' id='word_1_278' title='bbox 229 4503 261 4564; x_wconf 92' lang='lat' dir='ltr'><strong>et</strong></span> <span class='ocrx_word' id='word_1_279' title='bbox 291 4517 365 4562; x_wconf 82' lang='lat' dir='ltr'><strong>uera</strong></span> <span class='ocrx_word' id='word_1_280' title='bbox 398 4497 573 4562; x_wconf 85' lang='lat' dir='ltr'><strong>dicentibus</strong></span> <span class='ocrx_word' id='word_1_281' title='bbox 601 4502 633 4562; x_wconf 90' lang='lat' dir='ltr'><strong>et</strong></span> <span class='ocrx_word' id='word_1_282' title='bbox 661 4498 738 4561; x_wconf 86' lang='lat' dir='ltr'><strong>mira</strong></span> <span class='ocrx_word' id='word_1_283' title='bbox 766 4497 964 4562; x_wconf 85' lang='lat' dir='ltr'><strong>facientibus.</strong></span> <span class='ocrx_word' id='word_1_284' title='bbox 998 4497 1136 4562; x_wconf 86' lang='lat' dir='ltr'><strong>Dicendo</strong></span> <span class='ocrx_word' id='word_1_285' title='bbox 1165 4498 1245 4561; x_wconf 83' lang='lat' dir='ltr'><strong>enim</strong></span> <span class='ocrx_word' id='word_1_286' title='bbox 1280 4517 1400 4561; x_wconf 77' lang='lat' dir='ltr'><strong>uernae</strong></span> 
     </span>
    </p>
   </div>
   <div class='ocr_carea' id='block_1_3' title="bbox 316 4778 717 4845">
    <p class='ocr_par' dir='ltr' id='par_1_3' title="bbox 316 4778 717 4845">
     <span class='ocr_line' id='line_1_32' title="bbox 316 4778 717 4845; baseline -0.005 -11"><span class='ocrx_word' id='word_1_287' title='bbox 316 4783 333 4834; x_wconf 77' lang='lat'>4</span> <span class='ocrx_word' id='word_1_288' title='bbox 351 4778 435 4836; x_wconf 72' lang='lat' dir='ltr'><strong>Ennii.</strong></span> <span class='ocrx_word' id='word_1_289' title='bbox 454 4782 470 4834; x_wconf 88' lang='grc'>8</span> <span class='ocrx_word' id='word_1_290' title='bbox 523 4781 558 4832; x_wconf 81' lang='grc'><strong>29</strong></span> <span class='ocrx_word' id='word_1_291' title='bbox 576 4780 620 4833; x_wconf 86' lang='lat' dir='ltr'><strong>Pe.</strong></span> <span class='ocrx_word' id='word_1_292' title='bbox 639 4781 681 4845; x_wconf 87' lang='grc'><strong>33,</strong></span> <span class='ocrx_word' id='word_1_293' title='bbox 702 4782 717 4832; x_wconf 88' lang='grc'><strong>3</strong></span> 
     </span>
    </p>
   </div>
   <div class='ocr_carea' id='block_1_4' title="bbox 230 4928 1355 5175">
    <p class='ocr_par' dir='ltr' id='par_1_4' title="bbox 230 4928 1355 5175">
     <span class='ocr_line' id='line_1_33' title="bbox 265 4928 1352 4998; baseline -0.001 -16"><span class='ocrx_word' id='word_1_294' title='bbox 265 4930 281 4983; x_wconf 80' lang='grc'><strong>’2</strong></span> <span class='ocrx_word' id='word_1_295' title='bbox 300 4944 414 4998; x_wconf 86' lang='lat' dir='ltr'><strong>cnrupar.</strong></span> <span class='ocrx_word' id='word_1_296' title='bbox 434 4933 530 4982; x_wconf 83' lang='lat' dir='ltr'><strong>sunta</strong></span> <span class='ocrx_word' id='word_1_297' title='bbox 639 4932 655 4981; x_wconf 73' lang='grc' dir='ltr'><strong>ἴ)</strong></span> <span class='ocrx_word' id='word_1_298' title='bbox 674 4929 702 4981; x_wconf 89' lang='lat' dir='ltr'><strong>di</strong></span> <span class='ocrx_word' id='word_1_299' title='bbox 721 4929 797 4998; x_wconf 85' lang='lat' dir='ltr'><strong>uicti]</strong></span> <span class='ocrx_word' id='word_1_300' title='bbox 819 4929 919 4983; x_wconf 88' lang='lat' dir='ltr'><strong>deuicti</strong></span> <span class='ocrx_word' id='word_1_301' title='bbox 936 4948 966 4998; x_wconf 78' lang='lat'><strong>9;</strong></span> <span class='ocrx_word' id='word_1_302' title='bbox 985 4930 1022 4982; x_wconf 85' lang='lat' dir='ltr'><strong>dii</strong></span> <span class='ocrx_word' id='word_1_303' title='bbox 1041 4928 1141 4982; x_wconf 83' lang='lat' dir='ltr'><strong>deuicti</strong></span> <span class='ocrx_word' id='word_1_304' title='bbox 1161 4948 1174 4983; x_wconf 78' lang='lat' dir='ltr'><strong>e</strong></span> <span class='ocrx_word' id='word_1_305' title='bbox 1270 4931 1285 4981; x_wconf 88' lang='lat'><em>8</em></span> <span class='ocrx_word' id='word_1_306' title='bbox 1305 4938 1352 4982; x_wconf 88' lang='lat' dir='ltr'><strong>aut</strong></span> 
     </span>
     <span class='ocr_line' id='line_1_34' title="bbox 231 5015 1353 5089; baseline -0.001 -19"><span class='ocrx_word' id='word_1_307' title='bbox 231 5016 368 5070; x_wconf 83' lang='lat' dir='ltr'><strong>crantibus</strong></span> <span class='ocrx_word' id='word_1_308' title='bbox 387 5020 434 5070; x_wconf 92' lang='lat' dir='ltr'><strong>aut</strong></span> <span class='ocrx_word' id='word_1_309' title='bbox 453 5016 691 5089; x_wconf 84' lang='lat' dir='ltr'><strong>cooperantibusv</strong></span> <span class='ocrx_word' id='word_1_310' title='bbox 779 5019 900 5088; x_wconf 63' lang='lat' dir='ltr'><strong>tiqrab</strong></span> <span class='ocrx_word' id='word_1_311' title='bbox 970 5034 1028 5070; x_wconf 86' lang='lat' dir='ltr'><strong>case</strong></span> <span class='ocrx_word' id='word_1_312' title='bbox 1046 5023 1184 5071; x_wconf 80' lang='lat' dir='ltr'><strong>nostrone</strong></span> <span class='ocrx_word' id='word_1_313' title='bbox 1254 5015 1353 5070; x_wconf 86' lang='lat' dir='ltr'><strong>habere</strong></span> 
     </span>
     <span class='ocr_line' id='line_1_35' title="bbox 230 5103 1355 5175; baseline -0.002 -17"><span class='ocrx_word' id='word_1_314' title='bbox 230 5104 401 5158; x_wconf 83' lang='lat' dir='ltr'><strong>nobiscurnn</strong></span> <span class='ocrx_word' id='word_1_315' title='bbox 455 5106 484 5159; x_wconf 92' lang='lat' dir='ltr'><strong>ll</strong></span> <span class='ocrx_word' id='word_1_316' title='bbox 505 5103 695 5159; x_wconf 82' lang='lat' dir='ltr'><strong>aedicauerunt</strong></span> <span class='ocrx_word' id='word_1_317' title='bbox 711 5108 738 5175; x_wconf 76' lang='lat'><strong>9¹</strong></span> <span class='ocrx_word' id='word_1_318' title='bbox 808 5107 839 5158; x_wconf 75' lang='lat'><strong>14</strong></span> <span class='ocrx_word' id='word_1_319' title='bbox 858 5105 1017 5158; x_wconf 83' lang='lat' dir='ltr'><strong>fabricamus</strong></span> <span class='ocrx_word' id='word_1_320' title='bbox 1036 5122 1120 5173; x_wconf 67' lang='lat' dir='ltr'><strong>erup</strong></span> <span class='ocrx_word' id='word_1_321' title='bbox 1174 5107 1208 5158; x_wconf 77' lang='grc' dir='ltr'><strong>’.Ὁ</strong></span> <span class='ocrx_word' id='word_1_322' title='bbox 1226 5121 1355 5173; x_wconf 75' lang='lat' dir='ltr'><strong>ncrnmq</strong></span> 
     </span>
    </p>
   </div>
   <div class='ocr_carea' id='block_1_5' title="bbox 0 0 1616 6325">
    <p class='ocr_par' dir='ltr' id='par_1_5' title="bbox 0 0 1616 6325">
     <span class='ocr_line' id='line_1_36' title="bbox 0 0 1616 6325; baseline 0 0"><span class='ocrx_word' id='word_1_323' title='bbox 0 0 1616 6325; x_wconf 95' lang='lat' dir='ltr'><strong> </strong></span> 
     </span>
    </p>
   </div>
  </div>
 </body>
</html>
