3217 6325
224 1276 291 1340 656
561 1272 588 1326 S.
616 1270 768 1323 Aurelii
796 1269 1009 1337 Augustini

223 1468 252 1533 si
279 1468 368 1532 nobis
391 1465 590 1532 consentiunt
615 1464 710 1529 etlam
737 1468 861 1529 sanctu
893 1464 1012 1529 animas
1044 1463 1083 1527 nd
1114 1482 1247 1545 corpora
1272 1464 1350 1529 redi-

224 1579 322 1651 turas,
353 1573 438 1638 sieut
467 1572 512 1637 eit
541 1570 643 1647 Plato,
680 1588 737 1635 neo
767 1573 871 1635 tamen
903 1568 943 1635 ad
973 1570 1056 1634 mma
1086 1569 1153 1634 ulla
1183 1569 1350 1648 rediturae,

223 1681 309 1746 sinui
338 1678 383 1744 alt
408 1670 608 1761 Porphyrius,
642 1681 677 1741 ιιι
708 1695 744 1740 ex
772 1677 822 1741 his
850 1675 905 1741 fiat
932 1694 1135 1758 consequens,
1163 1675 1250 1757 qnod
1271 1676 1350 1741 tides

221 1786 382 1869 praedicet
407 1784 594 1859 Christiana,
622 1783 699 1848 talia
721 1802 850 1865 corpora
870 1786 1062 1865 recepturae,
1088 1782 1120 1847 in
1143 1782 1260 1864 quibus
1284 1783 1351 1846 sine

223 1892 288 1956 ullo
314 1891 398 1956 malo
424 1891 455 1954 in
482 1893 643 1954 aeternum
669 1888 804 1954 feliciter
830 1889 950 1959 nIuant,
978 1888 1144 1952 adsumant
1171 1888 1268 1952 etiam
1291 1887 1389 1952 hoc·

223 1996 262 2061 de
294 1996 440 2074 Varrone,
469 1999 507 2060 ut
532 1994 572 2060 nd
599 1994 707 2060 eadem
735 2014 862 2079 corpora
890 1994 1026 2073 redeant,
1052 1994 1082 2058 in
1111 1994 1227 2077 quibus
1260 2000 1351 2058 antee

223 2105 359 2180 fuerunt,
391 2105 425 2167 et
459 2105 536 2184 apul
571 2119 625 2166 eos
657 2105 724 2166 tota
754 2101 897 2183 quaestio
929 2100 968 2165 de
1000 2101 1100 2165 carnis
1126 2100 1159 2164 in
1190 2104 1350 2165 eeternnm

224 2209 448 2274 resurrectione
471 2209 621 2274 soluetur.

627 2398 761 2465 CAPUT
783 2398 944 2463 XXVIIII.

270 2543 322 2608 De
350 2541 553 2624 quelitete
580 2541 770 2618 uisionis,
799 2560 874 2624 qua
904 2541 941 2606 in
973 2541 1110 2606 futuro
1140 2541 1307 2607 saeculo
1368 2561 1395 2602 ιι

522 2647 656 2713 annoti
687 2647 807 2711 Deum
841 2647 1051 2714 uidebunt.

268 2788 359 2855 Nunc
380 2788 444 2854 iam
467 2786 541 2870 quid
561 2787 659 2852 acturi
679 2787 791 2852 sintin
811 2787 992 2869 corporibus
1010 2787 1229 2853 inmortalibus
1248 2786 1352 2869 adque

224 2894 419 2981 spiritalibus
451 2893 561 2969 sancti,
592 2911 653 2958 non
690 2892 791 2957 adhue
823 2912 930 2958 eornm
962 2912 1052 2959 carne
1083 2893 1257 2971 carnaliter,
1295 2892 1352 2958 setl

224 3002 407 3085 spiritaliter
432 3000 495 3065 inm
518 3000 656 3078 uiuente,
680 3003 832 3084 qnantum
856 3000 1008 3065 Dominus
1032 3000 1179 3085 dignetur
1201 2999 1352 3066 adiuuare

224 3108 399 3173 uideamus.
421 3106 463 3173 nl
483 3105 539 3173 illa
560 3104 687 3191 quidem
711 3106 793 3172 actio
813 3106 865 3173 uel
886 3106 992 3191 potius
1011 3106 1100 3190 quies
1124 3106 1225 3191 adque
1248 3106 1350 3173 otium
1368 3125 1394 3168 ιι

224 3216 315 3298 quale
342 3213 484 3279 futurum
507 3213 560 3292 sit,
588 3212 615 3278 si
638 3232 749 3279 nerum
772 3213 869 3278 uelim
892 3212 1005 3291 elicere,
1033 3213 1150 3279 nescio.
1171 3213 1242 3279 Non
1266 3213 1350 3278 enim

223 3322 283 3386 hoc
314 3330 463 3403 umquam
490 3339 683 3404 persensus
711 3320 849 3403 corporis
876 3320 952 3384 uidi.
985 3320 1020 3386 Si
1042 3322 1147 3386 antem
1169 3323 1286 3397 mente,
1318 3320 1352 3385 io

223 3432 273 3493 est
302 3418 524 3510 intellegentia
557 3425 675 3491 uidisse
708 3445 758 3490 me
790 3426 903 3502 dicam,
937 3429 1089 3509 qnantum
1116 3429 1167 3491 est
1192 3431 1248 3490 ant
1275 3425 1353 3508 qnid

224 3537 274 3598 est
300 3536 406 3598 nostra
431 3530 647 3616 Intellegentia
673 3530 713 3596 ael
740 3531 828 3597 illem
857 3532 1094 3597 excellentiam?
1123 3532 1173 3596 Ibi
1195 3535 1246 3597 est
1267 3533 1350 3596 enim

224 3658 294 3723 pax
329 3638 407 3714 Dei,
445 3656 554 3721 quae,
592 3637 676 3704 sieut
711 3639 756 3704 aii
790 3639 963 3722 apostolus,
1000 3641 1166 3720 superat
1201 3651 1395 3705 omnem*

223 3745 501 3819 intellectum
530 3763 624 3827 quem
650 3744 712 3809 nisi
735 3749 888 3822 nostrum,
912 3747 968 3809 aul
988 3744 1122 3809 fortasse
1145 3744 1241 3809 elium
1264 3763 1353 3809 sanc·

223 3855 327 3915 torum
354 3851 560 3934 angelorum?
587 3869 647 3916 non
675 3851 758 3916 enim
786 3857 820 3916 et
845 3851 915 3916 Dei.
948 3850 982 3916 Si
1008 3869 1083 3934 ergo
1111 3850 1212 3916 sancti
1238 3850 1269 3916 in
1294 3851 1354 3916 Dei

223 3974 299 4040 pace
331 3956 447 4022 ulcturi
472 3959 562 4035 sunt,
593 3957 732 4041 prolecto
764 3956 797 4021 tn
829 3976 866 4023 en
895 3976 972 4040 pace
1005 3956 1121 4022 uictori
1151 3959 1237 4035 sunt,
1273 3976 1354 4039 quae

224 4064 352 4144 superat
369 4080 491 4127 omnem
507 4061 711 4127 Intellectum.
735 4060 888 4141 Quoniam
907 4064 1049 4127 nostrum
1068 4061 1194 4145 quidem
1214 4065 1354 4144 superat,

219 4185 284 4232 ‘non
307 4170 358 4232 est
379 4167 527 4250 dubium;
551 4167 578 4232 si
601 4170 706 4233 nutem
726 4171 853 4251 superat
871 4169 903 4232 et
920 4169 1114 4251 angelornm,
1132 4171 1169 4232 ut
1187 4187 1245 4232 nec
1262 4168 1352 4251 Ipsos
1370 4177 1395 4221 Ι

224 4273 383 4356 excepisse
400 4273 554 4351 uideatur,
573 4273 627 4356 qui
645 4273 691 4338 eit
708 4291 856 4338 omnem
880 4272 1158 4338 intellectum:
1178 4273 1353 4347 secundum

312 4429 347 4482 20
364 4428 435 4484 Phil.
453 4431 479 4492 4,
499 4431 514 4484 7

259 4550 374 4606 arluco
392 4569 476 4623 neque
494 4552 620 4608 adsient
637 4554 677 4607 ait
694 4569 779 4622 my
859 4553 925 4607 ilex
943 4553 1000 4621 isc
1070 4555 1247 4622 treceptnra
1264 4554 1357 4607 elnte

226 4640 260 4702 lo
277 4638 424 4710 equulItute
434 4658 456 4709 p
494 4642 526 4695 14
545 4640 672 4696 adiuuare
689 4640 837 4696 iudicemus
851 4641 881 4704 ι,·
899 4639 1027 4695 adiuuere
1045 4640 1089 4710 pie
1107 4639 1193 4709 adque
1211 4640 1356 4695 humiliter

222 4730 448 4798 pertractemuey
494 4728 525 4781 17
544 4744 683 4782 sensnme
728 4724 764 4781 19
778 4727 814 4782 ael
831 4727 905 4782 illam
924 4744 955 4787 ex
974 4736 1051 4781 omne
1071 4731 1096 4793 (e
1114 4744 1147 4784 ιιι.
1167 4727 1355 4792 2inieorr.)

222 4815 375 4880 iutellcetn3
398 4816 504 4870 cericeis
521 4832 590 4884 quoe
607 4817 726 4871 isteron
746 4815 902 4872 coronet.
922 4812 1192 4881 totatereeduntb
1260 4816 1308 4869 nbi
1324 4816 1356 4885 9²

224 4907 369 4973 salomo
435 4905 506 4958 enlm
524 4921 661 4976 eruam
713 4903 1188 4974 20eite9po3dieitcbDont.
1256 4906 1291 4957 22
1310 4915 1355 4959 ent

224 5043 298 5098 ergo,
316 5033 471 5082 correctura
484 5029 566 5083 iente
575 5031 683 5113 *posite
693 5046 716 5098 p
752 5030 786 5083 23
797 5028 918 5100 profecto
929 5071 934 5082 .
946 5069 952 5082 .
964 5071 969 5082 .
981 5071 987 5082 .
998 5034 1061 5082 eunt
1074 5044 1123 5081 οιιι.
1139 5044 1153 5081 e
1187 5030 1222 5081 ‘lt
1236 5007 1354 5097 sensnm,

224 5153 255 5203 is
272 5166 356 5221 noro.
375 5151 553 5215 intellectum,
571 5169 585 5207 e
655 5153 753 5223 quiae
