3217 6325
260 1320 324 1383 396
601 1319 628 1372 S.
655 1317 809 1371 Aurelii
835 1319 1047 1388 Augustini

260 1510 348 1577 dolor
388 1510 452 1575 urit
492 1529 548 1575 nee
588 1528 729 1595 eonpago
770 1510 840 1595 ipsa
877 1511 1072 1577 dissoluitur.
1110 1512 1201 1579 Siout
1238 1532 1310 1597 ergo
1342 1518 1393 1579 eet

260 1616 411 1701 quaedam
439 1617 507 1682 uita
534 1616 601 1682 eine
629 1616 745 1695 dolore,
774 1617 864 1682 dolor
885 1622 989 1683 autem
1014 1620 1080 1683 sine
1103 1620 1209 1702 aliqua
1231 1620 1299 1684 uita
1321 1638 1392 1684 esse

259 1742 318 1788 non
342 1726 462 1804 potest:
485 1724 532 1789 sie
555 1728 604 1789 ost
626 1722 778 1805 quaedam
800 1742 859 1805 pax
882 1726 949 1789 sine
971 1725 1037 1791 ullo
1061 1725 1155 1805 bello,
1178 1725 1297 1790 bellum
1316 1745 1392 1792 nero

258 1848 328 1894 esso
359 1829 427 1895 sine
456 1829 564 1912 aliqua
593 1847 671 1912 paee
703 1848 764 1893 non
791 1832 911 1913 potest;
942 1849 1001 1896 non
1031 1832 1204 1897 seeundum
1231 1831 1274 1909 id,
1307 1832 1391 1913 quod

257 1936 376 2001 bellurn
400 1939 459 2014 est,
482 1936 537 2002 sed
560 1937 733 2002 seeundum
756 1937 799 2014 id,
823 1938 905 2021 quod
928 1938 966 2002 ab
991 1937 1037 2003 eis
1059 1940 1112 2004 uel
1134 1938 1166 2003 in
1190 1938 1236 2003 eis
1260 1940 1392 2022 geritur,
1423 1960 1436 1999 s

257 2062 338 2127 quae
365 2043 488 2126 aliquae
514 2047 643 2108 naturae
671 2046 760 2117 sunt;
788 2043 877 2125 qnod¹
899 2043 987 2109 nullo
1014 2043 1107 2108 modo
1135 2047 1261 2121 essent,
1279 2045 1392 2108 sinon

257 2146 479 2231 qualicumque
500 2166 578 2231 paoe
601 2148 819 2214 subsisterent.

303 2249 499 2337 Quapropter
535 2257 584 2319 est
619 2258 739 2330 natura,
778 2255 810 2319 in
846 2274 909 2338 qua
943 2255 1066 2321 nullum
1102 2256 1220 2321 malum
1253 2260 1303 2321 est
1336 2256 1392 2321 uel

257 2359 353 2425 etiam
379 2361 412 2425 in
439 2379 502 2445 qua
523 2360 644 2425 nullum
668 2379 738 2426 esse
761 2362 880 2431 malum
901 2365 1021 2445 potest3
1050 2382 1119 2430 esse
1142 2366 1248 2429 autem
1270 2367 1391 2443 natura,

256 2465 288 2531 in
319 2485 382 2550 qua
412 2467 534 2531 nullum
565 2466 682 2532 bonum
714 2466 767 2541 sit,
798 2486 859 2533 non
890 2472 1007 2552 potest.
1038 2470 1172 2536 Proinde
1203 2487 1259 2534 nec
1286 2469 1390 2553 ipsius
1409 2490 1436 2530 ao

257 2571 373 2637 diaboli
399 2576 520 2655 natura,
547 2572 579 2637 in
607 2577 759 2655 quantum
787 2580 898 2640 natura
924 2578 983 2655 est,
1010 2576 1130 2641 malurn
1153 2579 1216 2653 est;
1245 2576 1301 2640 sed
1323 2594 1391 2658 per·

256 2678 391 2745 uersitae
419 2696 486 2743 earn
515 2679 631 2744 malam
658 2679 743 2744 faoit.
771 2680 883 2763 Itaque
911 2681 941 2744 in
970 2682 1104 2747 uentate
1126 2701 1186 2747 non
1210 2680 1309 2758 stetit,
1333 2676 1391 2746 sed

251 2767 399 2849 nontatis
430 2785 583 2850 iudicium
613 2804 673 2850 non
706 2786 824 2861 euasit3
857 2787 887 2851 in
921 2787 1038 2851 ordinis
1070 2787 1298 2869 tranquillitate
1328 2805 1390 2852 non

255 2892 382 2968 mansit,
405 2910 461 2957 neo
482 2892 554 2958 ideo
577 2896 680 2957 umen
704 2911 723 2956 a
744 2897 902 2974 potestate
921 2891 1108 2957 ordinatoris
1127 2892 1247 2977 elingit.
1266 2892 1391 2958 Bonum

254 2996 325 3075 Dei,
348 2998 432 3080 quod
455 2991 503 3063 illi
526 3001 575 3068 ost
595 2999 627 3062 in
649 3002 771 3074 natura,
794 3017 855 3063 non
878 3018 950 3063 eum
973 2998 1132 3063 subtrahit
1154 2998 1294 3063 iustitiae
1317 2998 1387 3070 Dei,
1409 3019 1433 3058 a

256 3122 318 3189 qua
340 3103 500 3170 ordinatur
522 3104 553 3169 in
575 3123 689 3188 poena3
713 3122 770 3170 neo
792 3104 838 3169 ibi
860 3104 947 3171 Deus
969 3104 1087 3170 bonum
1110 3105 1287 3188 insequitur
1304 3103 1388 3188 quod

255 3211 384 3286 creauit,
416 3210 472 3275 sed
498 3211 617 3275 malurn
650 3211 734 3294 quod
761 3211 817 3275 ille
845 3211 1013 3275 commisit.
1041 3210 1151 3293 Neque
1179 3211 1262 3275 enirn
1284 3215 1388 3275 totum

255 3315 357 3382 aufert
383 3317 466 3400 quod
494 3318 622 3381 naturae
650 3317 745 3393 dedit,
773 3316 829 3381 sed
857 3316 975 3399 aliquid
1004 3316 1126 3394 adimit,
1156 3317 1275 3399 aliquid
1299 3317 1389 3381 relin-

255 3423 335 3506 quit,
357 3427 394 3488 ut
411 3423 454 3488 sit
471 3422 526 3506 qui
544 3421 649 3487 doleat
666 3423 750 3505 quod
768 3422 894 3487 ademit
919 3423 960 3486 llt
976 3423 1046 3505 ipse
1065 3423 1154 3487 dolor
1171 3423 1388 3488 testimonium

255 3531 305 3594 eet
334 3529 407 3594 boni
439 3528 555 3594 ademti
586 3531 619 3593 et
649 3528 721 3593 boni
749 3527 862 3593 relicti.
890 3526 961 3592 Nisi
989 3528 1070 3592 enirn
1098 3528 1214 3593 bonum
1243 3528 1388 3592 relietum
1407 3553 1433 3592 ao

255 3638 349 3712 esset,
380 3635 495 3700 bonum
528 3634 681 3699 amissum
709 3634 812 3699 dolere
840 3653 899 3697 uon
927 3636 1046 3716 posset.
1078 3634 1159 3698 Nam
1187 3632 1240 3717 quii
1267 3637 1388 3716 peceat,

254 3742 341 3826 peior
363 3745 422 3820 est,
445 3742 472 3806 si
494 3740 629 3806 laetatur
650 3742 682 3804 in
702 3741 815 3805 damno
839 3741 1020 3822 aequitatis;
1045 3741 1099 3823 qni
1122 3760 1196 3805 uero
1219 3740 1387 3818 proiciatur,

255 3847 282 3913 si
305 3847 383 3912 nihil
404 3848 476 3912 inde
500 3847 643 3930 adquirat
664 3845 747 3923 boni,
768 3845 854 3911 dolet
872 3845 1019 3910 damnum
1038 3847 1161 3911 salutis.
1180 3847 1222 3912 ldt
1239 3846 1392 3928 qnoniam-

255 3955 397 4038 uequitas
428 3972 464 4018 ae
496 3955 582 4018 salue
613 3956 783 4035 utrumque
815 3952 931 4017 bonum
967 3960 1016 4017 est
1052 3952 1187 4035 bonique
1219 3952 1387 4017 amissione

121 4121 125 4128 .
254 4061 421 4128 dolendam
448 4063 497 4125 est
518 4060 625 4142 potius
648 4078 741 4142 qnam
763 4057 943 4123 laetandum
971 4059 1013 4143 (si
1036 4064 1141 4124 tamen
1165 4078 1225 4124 non
1248 4061 1292 4126 sit
1313 4079 1385 4126 eon·
1403 4083 1429 4122 aa

253 4167 393 4252 pensatio
430 4167 582 4243 melioris3
619 4165 730 4230 melior
765 4168 815 4230 est
850 4169 955 4230 autem
987 4166 1082 4230 animi
1114 4167 1254 4248 aequitas
1290 4186 1385 4249 quam

254 4274 391 4358 eorporis
427 4271 572 4359 sanitas):
608 4273 747 4365 profecto
778 4271 1022 4336 ‚conuenientius
1059 4271 1198 4336 iniustus
1236 4272 1321 4338 dolet
1352 4274 1384 4337 in

254 4380 420 4465 supplicio,
452 4398 545 4462 quam
575 4377 712 4443 laetatus
744 4381 793 4442 est
825 4379 856 4442 in
888 4377 1012 4442 delicto.
1044 4376 1135 4443 Siout
1165 4398 1238 4464 ergo
1265 4378 1386 4443 laetitia

342 4639 374 4694 12
392 4638 431 4692 Io.
449 4639 474 4703 8,
492 4639 529 4693 44

289 4762 429 4832 lhnritp
499 4763 557 4832 ipsa
575 4778 625 4816 om.
643 4780 688 4833 pp
768 4764 857 4816 dnon
875 4766 967 4832 potest
985 4778 1076 4818 essee
1145 4779 1196 4832 par
1215 4761 1379 4832 quaedamo

254 4850 383 4905 enatura
401 4853 476 4903 esto
528 4851 545 4903 9
564 4852 655 4918 potest
673 4865 731 4903 esse
749 4849 882 4928 malumst
933 4850 964 4903 13
983 4866 1020 4919 aq.
1040 4867 1093 4903 non
1112 4852 1139 4903 in
1159 4850 1214 4903 ord.
1234 4854 1322 4919 tranq.
1341 4867 1381 4903 re·

253 4938 383 4992 mansite
438 4938 469 4989 14
487 4940 629 5006 poetatep
679 4938 712 4991 18
730 4936 861 4991 natarat
916 4938 949 4992 18
968 4937 1101 5007 ademitp
1157 4938 1189 4991 19
1207 4938 1340 5009 relinquid
1352 4957 1384 5008 p;

254 5026 367 5097 reliquid
387 5044 414 5095 p,·
432 5023 595 5095 detalinquit
613 5025 628 5078 d
688 5024 789 5079 ademit
807 5025 885 5080 codd.
899 5032 1011 5093 procur
1029 5043 1062 5091 o,·
1079 5025 1175 5079 adimit
1193 5042 1236 5079 ao
1288 5027 1323 5080 22
1336 5029 1381 5095 qni

253 5130 316 5168 noro
333 5129 417 5182 aeque
434 5111 473 5165 ud
490 5113 613 5182 aequitas
632 5113 651 5166 l.
671 5115 710 5167 24
729 5129 778 5167 oon.
798 5114 823 5167 e¹
871 5115 906 5168 23
924 5113 986 5167 inde
1005 5113 1106 5168 nihilo
1150 5114 1185 5167 24
1204 5114 1383 5184 aequalitaep

252 5203 288 5257 28
307 5201 440 5270 dileotop
900 5239 903 5244 -
