3217 6325
224 1211 289 1275 622
571 1205 598 1258 S.
626 1204 779 1258 Aurelii
806 1204 1019 1274 Augustini

662 1394 797 1462 CAPUT
820 1396 923 1461 Xiiil.

225 1541 280 1613 An
315 1538 493 1603 infantes
527 1535 564 1601 in
606 1549 650 1601 es
684 1536 769 1600 sint
802 1537 1071 1601 resurrecturi
1108 1537 1355 1605 habitudine

269 1643 462 1727 corporis,
486 1661 599 1726 quam
622 1642 805 1707 habituri
829 1647 941 1707 eraut
958 1644 1108 1708 aetatis
1127 1660 1310 1710 accessu.

270 1785 352 1867 Quid
380 1803 453 1870 ergo
482 1779 520 1849 de
547 1783 719 1849 infantibus
746 1782 861 1847 dicturi
889 1801 1010 1859 snmus,
1042 1783 1104 1848 nisi
1131 1784 1206 1867 quia
1233 1804 1294 1851 nou
1323 1784 1353 1850 in

224 1913 262 1958 en
283 1890 485 1956 resurrecturi
508 1893 582 1955 sunt
605 1889 742 1972 corporis
762 1888 944 1973 exiguitate,
967 1908 1029 1972 qua
1047 1888 1172 1968 mortui,
1191 1889 1249 1954 sed
1268 1890 1352 1973 quod
1381 1908 1393 1948 s

225 2000 270 2064 eis
293 1997 414 2061 tardius
437 2015 635 2061 accessurum
661 1996 728 2059 erat
749 1998 899 2078 tempore,
922 1994 983 2059 hoc
1006 1999 1080 2060 sunt
1101 1996 1157 2062 iilo
1180 1995 1242 2061 Dei
1260 2015 1352 2079 opere

225 2106 303 2168 miro
326 2103 427 2184 adque
450 2102 609 2166 celerrimo
637 2101 814 2184 recepturi?
840 2102 875 2166 Iu
899 2101 1054 2166 sententia
1076 2100 1190 2184 quippe
1213 2100 1352 2181 Domini,

226 2210 279 2273 ubi
306 2209 368 2274 ait:
397 2206 583 2290 Capillus
612 2205 761 2289 capitis
790 2198 920 2271 uestri
948 2215 1020 2271 nou
1044 2206 1206 2289 peribit,
1230 2206 1350 2272 dictum

223 2317 274 2379 est
303 2333 362 2379 nou
390 2311 569 2377 defuturum
598 2330 667 2376 esse
694 2311 777 2394 quod
804 2313 875 2389 fuit,
906 2331 966 2378 non
994 2316 1098 2377 sutem
1126 2316 1274 2396 negatum
1304 2315 1353 2378 est

224 2419 404 2484 adiuturum
442 2435 512 2483 esse
548 2417 630 2501 quod
663 2416 772 2482 defuit.
803 2418 914 2483 Defuit
946 2422 1051 2483 autam
1082 2417 1195 2482 infanti
1226 2422 1390 2483 mortuos

223 2524 360 2608 perfecta
387 2523 545 2605 quantitas
575 2523 625 2588 sui
648 2523 802 2606 corporis3
831 2523 969 2606 perfecto
993 2523 1108 2607 quippe
1129 2523 1242 2588 infanti
1264 2523 1353 2588 deest

223 2630 333 2713 utique
356 2629 506 2715 perfectio
528 2628 755 2713 magnitudinis
779 2629 959 2713 corporalis,
982 2648 1062 2713 quae
1080 2648 1152 2694 cum
1171 2630 1351 2708 accesserit,

224 2737 285 2800 iam
310 2739 431 2801 statura
451 2735 575 2820 longior
596 2753 744 2801 essenon
763 2737 874 2819 possit
893 2736 985 2801 Hunc
1002 2734 1203 2817 perfectionis
1222 2734 1350 2800 modum

223 2842 271 2907 sic
293 2840 408 2907 habeut
430 2860 547 2918 omnes,
570 2844 606 2906 ut
628 2860 698 2905 cum
726 2841 781 2905 illo
806 2842 1021 2926 concipiantur-
1041 2841 1142 2924 adque
1166 2847 1350 2918 nascantur3

223 2946 278 3012 ssd
306 2946 422 3012 habant
446 2947 478 3012 in
505 2946 633 3022 ratione,
661 2966 719 3012 non
749 2948 847 3023 mule;
876 2948 959 3013 sicut
984 2948 1054 3032 ipsa
1079 2948 1218 3013 membra
1248 2948 1351 3014 omnia
1366 2968 1391 3010 rs

223 3054 284 3118 iam
308 3058 383 3119 sunt
403 3054 537 3118 latenter
557 3053 587 3117 in
612 3054 740 3131 semine,
768 3072 840 3118 cum
864 3053 957 3119 etiam
980 3054 1062 3119 natis
1081 3054 1230 3120 nonnulis
1248 3052 1350 3119 adhuc

223 3159 336 3235 desint,
368 3160 452 3225 sicut
482 3158 589 3225 dentes
621 3178 657 3225 ac
686 3159 713 3224 si
746 3159 821 3244 quid
853 3161 921 3225 eius
950 3160 1046 3229 modi.
1077 3159 1113 3226 Iu
1141 3179 1204 3243 qua
1229 3158 1350 3226 ratione

225 3265 471 3348 uniuscuiusque
498 3265 646 3330 materiae
676 3265 776 3338 indita
808 3267 958 3350 corporali
985 3266 1047 3331 iam
1076 3265 1210 3349 quodam
1243 3265 1349 3343 modo,

225 3374 261 3436 ut
281 3371 327 3435 ita
349 3369 461 3448 dicam,
482 3370 624 3436 liciatum
647 3370 773 3437 uidetur
794 3389 875 3449 esse,
898 3370 982 3454 quod
1004 3371 1141 3437 nondum
1166 3375 1225 3448 est,
1249 3371 1349 3435 immo

224 3475 308 3559 quod
334 3476 422 3551 latet,
454 3475 509 3540 sed
537 3494 665 3541 accessu
694 3477 844 3559 temporis
876 3477 936 3541 erit
961 3477 1013 3542 uei
1039 3477 1146 3560 potius
1178 3477 1348 3561 apparebit
1365 3498 1390 3540 ιι

223 3584 258 3647 Iu
290 3581 348 3646 hac
379 3594 452 3666 ergo
483 3581 585 3647 inians
616 3582 678 3647 iam
710 3583 814 3647 breuis
844 3586 900 3647 ant
924 3583 1039 3666 longus
1066 3586 1126 3660 est,
1158 3584 1213 3667 qui
1240 3583 1348 3649 breuis

222 3689 377 3773 longusue
407 3689 532 3753 iuturus
563 3691 622 3754 est.
654 3688 831 3755 Secundum
862 3687 941 3754 hanc
967 3689 1118 3755 rationem
1145 3689 1284 3775 proiecto
1315 3690 1347 3756 in

223 3794 448 3860 resurrectione
470 3794 608 3876 corporis
630 3793 816 3859 detrimenta
838 3795 974 3879 corporis
993 3814 1052 3861 uon
1074 3795 1235 3875 timemus,
1262 3797 1346 3880 quia

224 3899 283 3965 etsi
311 3900 483 3983 aequalitas
510 3900 616 3965 futura
643 3904 726 3964 esset
754 3900 902 3978 omnium,
929 3901 975 3965 ita
995 3905 1033 3966 ut
1054 3920 1162 3966 omnes
1184 3920 1285 3985 usque
1307 3902 1347 3969 ad

222 4005 385 4090 giganteas
411 4004 643 4088 magnitudines
670 4006 877 4088 peruenirent,
904 4026 942 4072 ne
967 4007 1029 4085 illi,
1055 4007 1110 4090 qui
1131 4007 1258 4073 maximi
1280 4008 1348 4073 fue-
1363 4031 1389 4073 rs

310 4245 389 4301 8110.
408 4247 451 4307 21,
471 4246 503 4300 18

257 4371 274 4423 4
293 4368 356 4439 quid
374 4386 437 4424 nero
456 4370 472 4423 b
573 4360 800 4425 5resnrrectione
819 4375 960 4425 transeunt
978 4372 1102 4441 corporis,
1120 4375 1202 4427 trans.
1222 4388 1294 4443 corp.
1312 4374 1345 4427 iss

222 4459 322 4524 mad>
388 4457 470 4513 cillo
489 4457 565 4513 codd.
580 4464 692 4527 macter
710 4476 733 4527 p,
750 4474 782 4526 a,·
797 4457 985 4524 iliipDoosb.
1057 4456 1193 4529 'iudoriq
1262 4460 1346 4516 Subi

132 4602 133 4606 ,
223 4546 299 4600 codd.
314 4551 425 4616 practer
443 4563 465 4615 p,
482 4562 511 4610 a:
529 4547 556 4600 in
576 4563 628 4615 qua
646 4564 660 4615 p
678 4546 775 4601 Donat.
844 4548 876 4601 1³
895 4550 1000 4600 stature
1016 4547 1069 4611 iam
1087 4546 1184 4602 Donet.
1244 4549 1278 4604 15
1294 4548 1345 4603 irs·

222 4634 310 4690 benda
331 4635 472 4689 rationed
576 4634 646 4688 mois
667 4651 741 4699 suaa.‚·
769 4635 796 4688 in
820 4634 927 4688 moion
1031 4636 1091 4705 ipsa
1112 4635 1164 4688 iarn
1187 4635 1345 4691 membres

225 4726 256 4779 17
276 4723 377 4779 dentes.
394 4725 534 4792 sequentia
551 4739 635 4793 usquc
653 4722 692 4776 od
709 4723 726 4777 1.
740 4726 775 4776 19
787 4723 819 4776 ιἰι
833 4723 849 4776 b
861 4724 901 4777 sic
918 4723 1022 4792 scripta
1038 4728 1118 4776 aaut:
1134 4723 1185 4778 lroc
1198 4725 1222 4778 si
1236 4725 1344 4794 quidem

223 4810 301 4864 ruodo
319 4810 346 4864 in
366 4815 460 4879 quarta
477 4810 580 4864 ratione
598 4810 677 4865 unius
695 4811 799 4880 cuinaq;
824 4812 936 4882 materie
953 4809 1040 4864 indita
1057 4826 1168 4880 corpora
1184 4810 1345 4866 liniamenta

223 4898 337 4968 quodam
363 4897 441 4951 modo
468 4903 499 4951 ut
525 4898 564 4952 ita
591 4898 675 4952 dicam
702 4898 825 4952 linistum
850 4897 957 4952 uidetur
981 4914 1039 4952 essa
1094 4899 1126 4952 17
1146 4898 1299 4953 huiusmodi
1325 4918 1344 4954 u

225 4989 256 5041 19
273 4986 402 5044 liciatum.
421 5003 453 5038 m.
472 5001 523 5039 rec.
541 4987 571 5039 iss
588 4986 731 5040 limitatum
751 5003 828 5051 corr,
842 5005 876 5057 pp
894 4987 1017 5041 liniatum
1033 4988 1077 5041 ab
1130 5003 1188 5040 esse
1206 4986 1344 5043 uideturo

222 5075 257 5129 24
276 5075 391 5128 omnium
410 5090 459 5126 ons.
481 5092 494 5141 p
