3217 6325
226 1224 289 1289 598
565 1220 593 1274 S.
620 1219 774 1274 Aurelii
802 1220 1016 1291 Augustini

224 1435 257 1481 se
280 1415 370 1480 illum
390 1415 494 1480 sinum
517 1416 610 1494 ferro,
638 1416 692 1482 sed
715 1416 953 1481 medicamentis
976 1435 1046 1482 esse
1065 1418 1238 1485 clausuros.
1262 1419 1356 1485 adbi-

225 1524 359 1587 buerunt
386 1526 419 1587 et
445 1523 543 1587 alium
570 1523 782 1607 grandaeuum
812 1522 874 1587 iam
903 1523 1060 1589 medicum
1084 1525 1226 1609 satisque
1247 1526 1280 1591 in
1302 1518 1358 1592 illa

224 1632 289 1692 arto
321 1627 484 1694 laudatum
514 1628 631 1712 (adhuc
659 1629 740 1693 enim
769 1628 922 1715 uiuebat),
954 1630 1165 1707 ammonium,
1198 1632 1253 1714 qni
1285 1633 1356 1699 loco

223 1735 366 1817 inspecto
397 1732 481 1798 idem
509 1733 594 1815 quod
621 1734 670 1798 illi
698 1752 734 1798 ex
762 1752 870 1799 eornm
898 1734 1062 1821 diligentia
1087 1737 1260 1820 peritiaque
1287 1758 1356 1823 pro

224 1841 320 1905 misit.
358 1840 468 1906 Cuius.
488 1839 543 1905 ille
573 1839 676 1905 factus
713 1842 899 1907 auctoritate
932 1861 1060 1908 securus
1092 1844 1265 1910 domestico
1297 1865 1396 1912 suos

223 1946 354 2023 medico,
379 1946 433 2029 qui
455 1946 595 2011 futuram
617 1946 812 2030 praedixerat
833 1947 926 2012 aliana
950 1949 1130 2030 sectionem,
1152 1950 1256 2015 faceta
1278 1951 1356 2018 bila·

224 2052 326 2128 xitate,
350 2053 441 2117 uelut
463 2052 525 2117 iam
549 2051 670 2128 saluus,
693 2052 814 2118 inlusit
837 2051 922 2132 Quid
943 2055 1055 2138 plura?
1077 2056 1137 2121 'l'ot
1159 2056 1227 2121 dies
1244 2062 1357 2140 postea

224 2159 358 2224 inaniter
384 2158 542 2224 consumti
569 2158 770 2236 transierunt,
797 2163 835 2223 ut
856 2160 933 2225 fessi
956 2160 1056 2243 adque
1078 2162 1200 2229 confusi
1223 2164 1357 2229 fateren-

224 2268 275 2328 tur
297 2283 370 2330 eum
394 2264 454 2331 nisi
478 2266 558 2329 ferro
582 2264 668 2329 nullo
687 2264 780 2330 modo
799 2284 893 2349 posse
912 2268 1023 2333 sanari.
1042 2268 1185 2351 Expedit,
1203 2268 1357 2353 expalluit

225 2370 320 2435 nimio
348 2371 460 2436 timore
487 2370 643 2450 turbatus,
670 2370 772 2454 adque
799 2372 854 2436 ubi
881 2391 915 2437 se
943 2372 1071 2457 collegit
1096 2375 1215 2458 farique
1236 2377 1355 2458 potuit,
1374 2401 1397 2440 ιο

122 2511 125 2518 ,
224 2478 309 2542 abire
336 2478 409 2543 illos
438 2478 533 2543 iussit
559 2481 592 2543 et
619 2478 659 2543 ad
685 2497 719 2543 se
747 2478 883 2561 amplius
910 2498 969 2545 non
997 2479 1154 2555 accedere;
1183 2499 1240 2546 nec
1267 2481 1356 2547 aliud

225 2583 362 2650 occurrit
393 2582 525 2668 latigato
557 2583 696 2649 lacrimis
727 2588 758 2648 et
784 2583 840 2648 illa
867 2585 929 2650 iam
957 2586 1144 2651 necessitate
1170 2586 1353 2663 constricto,

224 2689 284 2752 nisi
310 2692 348 2752 ut
370 2688 533 2755 adhiberet
554 2689 795 2755 Alexandrinum
818 2690 983 2773 quendam,
1012 2692 1065 2774 qui
1089 2695 1163 2756 tunc
1186 2690 1353 2776 chirurgus

223 2794 376 2859 mirabilis
399 2796 582 2873 habebatur,
606 2800 642 2860 ut
664 2797 731 2880 ipse
753 2796 870 2861 iaceret
891 2797 976 2879 quod
997 2797 1035 2862 ab
1059 2798 1123 2862 illis
1141 2797 1208 2862 lieri
1225 2798 1354 2863 nolebat

223 2902 331 2967 iratus.
368 2901 430 2967 Sed
460 2906 571 2986 postea
602 2922 694 2985 quam
727 2903 815 2967 uenit
845 2903 899 2968 ille
933 2904 1133 2986 laboremque
1161 2904 1289 2969 illorum
1320 2904 1351 2968 iu
1370 2928 1394 2967 ιι

223 3007 422 3073 cicatricibus
451 3008 535 3073 sicut
560 3009 670 3074 artilex
697 3008 788 3087 uidit,
817 3009 891 3074 boni
917 3008 977 3073 uiri
1005 3009 1131 3075 iunctus
1158 3010 1263 3075 officio
1285 3028 1353 3093 per·

224 3113 326 3180 suasit
352 3114 480 3193 homini,
508 3118 546 3181 ut
571 3114 619 3180 illi
642 3115 758 3199 potius,
787 3115 894 3199 quiin
918 3134 954 3181 eo
983 3119 1104 3182 tantum
1126 3115 1352 3192 laborauerant,

224 3224 375 3304 quantum
401 3222 470 3303 ipsa
492 3221 663 3306 inspiciens
690 3222 870 3297 mirabatur,
898 3240 975 3287 suae
998 3222 1166 3287 curationis
1190 3220 1249 3287 tine
1270 3221 1352 3286 irue-

113 3413 116 3421 ,
224 3330 341 3405 rentur,
369 3326 518 3403 adiciens,
546 3327 628 3410 quod
656 3346 789 3393 reuera
817 3329 878 3393 nisi
906 3332 1013 3393 scotos
1040 3333 1125 3394 esset
1151 3327 1259 3392 saluus
1282 3345 1351 3392 ease

225 3451 284 3498 non
311 3438 434 3515 possem
467 3434 559 3499 ualde
586 3434 749 3500 abhorrere
777 3455 795 3499 a
822 3435 889 3499 suis
916 3434 1066 3508 moribus,
1098 3435 1135 3497 ut
1160 3432 1350 3508 bominibus,
1368 3458 1394 3496 ιι

225 3558 356 3622 quorum
377 3537 670 3604 artificiosissimam
688 3557 813 3622 operam
826 3538 1011 3603 industriam
1026 3538 1220 3621 diligentiam
1233 3537 1351 3601 mirans

225 3646 255 3709 in
284 3645 483 3710 cicatricibus
511 3645 580 3710 eius
608 3643 740 3721 uideret,
765 3648 892 3726 propter·
919 3645 1064 3728 exiguum
1093 3643 1177 3725 quod
1202 3643 1352 3707 remansit

224 3751 361 3835 palmam
388 3750 468 3817 tanti
495 3750 612 3816 laboris
639 3751 783 3815 auferret.
817 3749 941 3814 Redditi
970 3752 1043 3815 sunt
1073 3750 1175 3814 animo
1207 3749 1286 3825 eius,
1319 3754 1351 3812 et

224 3858 345 3941 placuit
374 3860 412 3923 ut
442 3856 551 3923 eodem
581 3855 785 3922 Alexandrino
818 3855 989 3920 adsistente
1024 3856 1084 3937 ipsi
1121 3856 1224 3919 sinum
1260 3853 1350 3918 illum

225 3965 316 4040 ferro,
344 3966 399 4048 qni
426 3965 488 4030 iam
512 3981 665 4029 consensu
688 3962 828 4027 omnium
855 3962 945 4026 aliter
965 3961 1148 4026 insanabilis
1170 3960 1350 4044 putabatur,
1368 3986 1396 4027 aa

225 4070 389 4154 aperirent
423 4069 587 4152 Quaeres
619 4067 716 4133 dilata
746 4072 796 4134 est
825 4069 856 4133 in
888 4072 1126 4151 consequentem
1158 4065 1250 4130 diem.
1290 4064 1351 4129 Sed

226 4195 297 4242 cum
329 4176 470 4243 abissent
499 4175 558 4254 illi,
594 4193 630 4241 ex
660 4193 799 4240 maerore
831 4174 926 4239 nimio
958 4173 1073 4238 domini
1104 4175 1208 4236 tantm
1240 4175 1288 4235 eat
1319 4171 1350 4235 in

226 4284 319 4349 domo
350 4283 406 4349 illa
437 4285 561 4348 exortus
595 4282 693 4358 dolor,
724 4290 761 4347 ut
791 4285 950 4364 tamquam
980 4278 1098 4344 funeris
1125 4278 1266 4360 planctus
1299 4275 1351 4340 uix

227 4388 473 4470 conprimeretur
500 4406 518 4451 a
543 4387 645 4452 nobis.
682 4385 862 4451 visitabant
888 4404 958 4451 eum
991 4382 1118 4448 cottidie
1149 4384 1248 4446 sancti
1279 4382 1350 4456 uiri

266 4759 474 4830 lclauaurutq
544 4756 759 4813 dammoniuae
830 4751 981 4807 luelirtia
1063 4708 1262 4821 plurathdies
1279 4754 1353 4804 aa.2

231 4865 334 4920 comp
402 4846 503 4901 Postea
519 4849 563 4901 tot
581 4842 671 4899 dieas
748 4842 780 4896 10
797 4840 922 4894 turbatus
939 4842 1035 4894 timore
1053 4839 1149 4894 Domb.
1221 4855 1249 4891 se
1267 4854 1353 4907 ceap

232 4938 260 4990 11
282 4934 410 4991 accedere
427 4934 603 5005 imperauita
652 4932 684 4985 lt
703 4929 891 4998 constrictioq
941 4928 973 4982 13
991 4929 1179 4998 cyrnrgicuap
1234 4927 1266 4980 14
1284 4914 1351 4996 ipae]

229 5025 331 5078 malim
348 5023 410 5078 iate*
428 5022 526 5078 Domb.
583 5020 614 5075 18
634 5018 779 5074 curationis
797 5033 894 5071 suaea
965 5016 1118 5085 fruenturq
1166 5016 1200 5069 20
1218 5014 1295 5067 ualde
1313 5032 1352 5085 pp

229 5112 343 5181 Domb.,·
360 5112 407 5166 sed
426 5109 507 5166 ualde
525 5108 594 5165 abe
599 5125 620 5178 p
632 5124 673 5162 co
725 5107 757 5160 al
778 5103 911 5160 admirans
930 5121 973 5160 ao
1025 5106 1059 5158 27
1077 5103 1214 5166 lrabisseot
1230 5121 1248 5172 q
