3217 6325
224 1310 289 1373 270
563 1305 589 1357 S.
616 1304 769 1359 Aurelii
796 1285 1010 1374 Augustini

177 1482 180 1486 ’
223 1498 367 1574 inserere,
390 1497 491 1580 magis
515 1516 551 1561 ex
575 1495 702 1561 Graecis
726 1499 758 1561 et
779 1486 909 1572 Latinis,
933 1497 986 1561 ubi
1006 1500 1038 1562 et
1054 1499 1125 1582 ipsa
1142 1499 1242 1565 Roma
1261 1502 1354 1584 quasi

224 1601 361 1666 secunda
383 1602 555 1684 Babylonia
578 1605 636 1677 est,
660 1601 810 1665 debemus
834 1602 1005 1667 adsumere.

269 1704 399 1785 Quando
423 1725 495 1790 ergo
519 1710 610 1771 natus
634 1708 683 1769 est
703 1706 872 1781 Abraham,
900 1708 1029 1772 secundi
1052 1728 1142 1793 reges
1166 1715 1253 1775 erant
1277 1717 1356 1796 aput

225 1811 369 1893 Assyrios
401 1808 512 1886 Ninus,
550 1815 625 1894 aput
657 1810 818 1894 Sicyonios
851 1812 987 1894 Europs3
1023 1814 1116 1896 primi
1148 1818 1253 1880 autem
1285 1816 1354 1882 illic

224 1917 332 1991 Relus,
355 1916 405 1980 hic
427 1916 594 2001 aegialeus
618 1917 752 1981 fuerunt.
782 1915 861 1982 Cum
885 1937 959 1983 uero
983 1938 1109 2002 egresso
1131 1920 1290 1985 Abrabam
1315 1922 1354 1987 de
1384 1948 1397 1989 e

225 2022 397 2105 Babylonia
424 2022 568 2105 promisit
595 2023 623 2086 ei
645 2022 731 2087 Deus
760 2042 795 2087 ex
819 2024 873 2087 illo
897 2044 1043 2107 magnam
1067 2029 1190 2108 gentem
1215 2026 1354 2091 futuram

224 2131 257 2194 et
286 2130 317 2192 in
350 2128 417 2192 eius
449 2128 565 2191 semine
598 2128 733 2193 omnium
768 2130 908 2213 gentium
936 2129 1194 2204 benedictionem,
1229 2132 1354 2214 Assyrii

224 2236 368 2317 quartum
400 2252 503 2319 regem
531 2233 696 2310 habebant,
725 2232 862 2318 Sicyonii
885 2234 1043 2317 quintum3
1074 2239 1151 2318 aput
1171 2236 1245 2300 illos
1270 2238 1353 2301 enim

223 2339 375 2423 regnabat
395 2337 479 2402 filius
502 2337 576 2402 Nini
598 2341 670 2419 post
699 2342 829 2402 matrem
853 2338 1106 2410 Semiramidem:
1130 2358 1211 2423 quae
1234 2340 1273 2404 ab
1297 2341 1355 2406 illo

223 2444 388 2509 interfecta
418 2443 606 2525 perhibetur,
634 2462 710 2508 ausa
736 2442 837 2507 filium
865 2448 964 2508 mater
991 2444 1146 2509 incestare
1169 2446 1353 2536 concubitu.
1375 2476 1401 2516 ιο

224 2550 313 2614 Hanc
343 2551 456 2632 putant
485 2548 623 2613 nonnulli
655 2549 831 2614 condidisse
863 2548 1066 2633 Babylonem,
1103 2570 1193 2633 quam
1227 2550 1357 2633 quidem

204 2640 329 2737 ‘potuit
349 2655 532 2720 instaurare.
556 2651 685 2732 Quando
709 2657 814 2719 autem
838 2655 889 2718 uel
913 2674 973 2737 quo
993 2655 1085 2721 modo
1105 2655 1230 2720 condita
1247 2656 1357 2734 luerit,

223 2761 255 2825 in
287 2764 373 2825 sexto
402 2759 521 2825 decimo
548 2758 627 2824 libro
655 2759 801 2824 diximus.
833 2759 947 2824 Filium
977 2778 1068 2842 porro
1096 2760 1170 2824 Nini
1199 2764 1230 2825 et
1252 2759 1358 2826 Sami·

224 2866 362 2941 ramilis,
389 2866 443 2948 qui
465 2864 557 2929 matri
580 2865 735 2931 successit
756 2864 787 2929 in
810 2879 951 2948 regnum,
979 2865 1107 2948 quidam
1132 2865 1225 2930 eb‘am
1247 2866 1357 2948 ipsum

223 2971 351 3048 Ninum,
371 2969 496 3053 quidam
516 2985 588 3034 uero
608 2969 747 3035 deriuato
766 2987 785 3033 a
802 2973 890 3052 patre
912 2969 1066 3034 uocabulo
1085 2968 1207 3052 Ninyan
1226 2975 1355 3034 uocant
1377 3000 1402 3041 n

225 3075 440 3158 Sicyoniomm
459 3078 564 3139 autem
582 3066 712 3157 regnum
730 3078 805 3139 tunc
821 3075 948 3139 tenebat
960 3073 1099 3138 Telrion.
1118 3071 1187 3152 Quo
1205 3077 1357 3158 regnante

224 3201 325 3265 nsque
349 3180 424 3245 adeo
443 3181 488 3245 ibi
507 3180 597 3246 mitia
616 3183 648 3245 et
664 3182 747 3245 laeta
768 3183 908 3263 tempora
930 3181 1065 3257 fuerunt,
1084 3184 1121 3244 nt
1138 3200 1209 3246 enm
1229 3180 1357 3245 defunc·

223 3292 291 3352 tum
327 3287 416 3352 uelut
451 3287 543 3351 deum
582 3287 718 3351 colerent
755 3286 956 3351 sacrificando
986 3289 1018 3352 et
1044 3287 1136 3352 ludos
1159 3286 1356 3369 celebrando,

225 3412 304 3477 quos
329 3393 357 3456 ei
385 3393 532 3474 primitus
554 3391 717 3457 institutos
740 3391 853 3458 ierunt

680 3576 815 3643 CAPUT
838 3579 893 3643 III.

225 3716 368 3798 Quibus
400 3718 646 3801 regnantibus
678 3721 767 3801 aput
796 3719 971 3801 Assyrios
1004 3719 1122 3802 adque
1154 3719 1353 3805 Sicyonios

226 3823 392 3888 Abrabae
424 3823 638 3887 centenario
661 3823 768 3889 Isaac
800 3824 842 3889 de
874 3825 1121 3907 promissione
1151 3826 1203 3892 sit
1230 3830 1352 3905 natus,

226 3929 286 3993 nel
316 3927 390 4011 ipsi
422 3928 526 3993 Isaac
558 3929 798 4013 sexagenario
823 3929 919 3994 llsau
948 3933 984 3994 et
1005 3928 1286 4015 Iacob'gemiui
1308 3931 1352 3997 (le

590 4033 757 4099 Rebecca
780 4034 857 4098 sint
879 4035 982 4099 editi.
1111 4047 1113 4050 ·

267 4174 371 4239 Huius
402 4174 595 4257 temporibus
627 4175 722 4239 ctiam
744 4174 833 4240 Isaac
865 4195 900 4240 ex
931 4176 1136 4267 promissione
1164 4176 1222 4241 Dei
1255 4180 1350 4244 natus
1368 4211 1395 4251 η

224 4282 274 4344 est
304 4279 479 4343 centenario
510 4279 591 4362 patri
622 4279 705 4344 lilius
732 4280 875 4345 Abrabae
908 4280 945 4344 de
977 4280 1068 4346 Sarra
1098 4281 1242 4365 coniuge,
1270 4301 1350 4365 quae

224 4385 340 4449 sterilis
364 4386 396 4449 et
422 4403 500 4449 anns
526 4384 588 4449 iam
616 4404 703 4467 spem
731 4387 828 4468 prolis
856 4386 1011 4450 amiserat.
1043 4387 1129 4451 Tunc
1157 4389 1189 4452 et
1210 4388 1350 4472 Assyriis

223 4489 352 4573 quintus
393 4491 459 4554 erat
497 4508 549 4553 rex
584 4490 703 4556 Arrius.
735 4490 802 4573 Ipsi
833 4509 906 4554 uero
934 4491 1021 4554 Isaac
1054 4491 1251 4575 sexagenario
1283 4492 1351 4557 uati

224 4597 299 4660 sunt
320 4594 443 4678 gemini,
465 4594 548 4659 Esau
581 4597 613 4659 et
643 4596 746 4673 Iacob,
781 4614 859 4679 qnos
887 4596 915 4660 ei
941 4597 1081 4661 Rebecca
1112 4615 1187 4662 uxor
1217 4597 1349 4681 peperit,

314 4784 346 4836 ra
365 4799 386 4836 e.
405 4784 423 4836 4
440 4800 466 4852 p.
488 4784 537 4837 rea
555 4799 595 4854 sq.

260 4907 371 4974 tuero]
391 4921 453 4975 ergo
472 4923 486 4959 e
538 4907 683 4961 limatrem
703 4924 810 4962 suamc
868 4909 955 4962 samir.
975 4925 1014 4978 ey
1031 4907 1143 4974 Hecabe
1160 4909 1241 4962 samir
1258 4909 1349 4977 abpo

225 4994 307 5050 etsie
325 4996 342 5048 l.
361 4998 397 5049 13
459 4996 491 5049 15
509 4995 616 5064 ninyam
634 4997 675 5066 bp
742 4997 774 5050 le
792 4997 891 5051 telsion
910 5013 937 5062 e;
954 4996 1058 5066 telsyon
1077 5015 1095 5048 a
1159 4995 1194 5049 22
1213 4995 1246 5049 de
1265 5013 1349 5065 prom.

224 5099 308 5151 aeque
326 5083 365 5137 od
381 5083 456 5137 Isaac
473 5099 524 5138 om.
542 5084 581 5153 sp
675 5084 708 5139 de
726 5086 912 5154 repromisap
999 5086 1033 5138 27
1052 5083 1245 5148 sapiaentia
1262 5100 1347 5155 nam,

225 5170 391 5234 amiseratc
461 5170 534 5225 Tunc
550 5187 634 5240 aeque
652 5173 691 5227 od
708 5176 765 5227 erat
783 5188 866 5229 onae
917 5172 952 5227 28
971 5172 1110 5226 Araliuso
