<?xml version="1.0" encoding="UTF-8"?>
<!DOCTYPE html PUBLIC "-//W3C//DTD XHTML 1.0 Transitional//EN"
    "http://www.w3.org/TR/xhtml1/DTD/xhtml1-transitional.dtd">
<html xmlns="http://www.w3.org/1999/xhtml" xml:lang="en" lang="en">
 <head>
  <title>
</title>
<meta http-equiv="Content-Type" content="text/html;charset=utf-8" />
  <meta name='ocr-system' content='tesseract 3.04.00' />
  <meta name='ocr-capabilities' content='ocr_page ocr_carea ocr_par ocr_line ocrx_word'/>
</head>
<body>
  <div class='ocr_page' id='page_1' title='image "./sanctiavreliiav00hoffgoog_0392.png"; bbox 0 0 3217 6325; ppageno 0'>
   <div class='ocr_carea' id='block_1_1' title="bbox 288 1326 1070 1397">
    <p class='ocr_par' dir='ltr' id='par_1_1' title="bbox 288 1326 1070 1397">
     <span class='ocr_line' id='line_1_1' title="bbox 288 1326 1070 1397; baseline -0.013 -8"><span class='ocrx_word' id='word_1_1' title='bbox 288 1334 351 1397; x_wconf 83' lang='grc'><strong>378</strong></span> <span class='ocrx_word' id='word_1_2' title='bbox 624 1329 650 1382; x_wconf 90' lang='lat' dir='ltr'><strong>S.</strong></span> <span class='ocrx_word' id='word_1_3' title='bbox 677 1328 831 1382; x_wconf 79' lang='lat' dir='ltr'>Aurelii</span> <span class='ocrx_word' id='word_1_4' title='bbox 857 1326 1070 1396; x_wconf 76' lang='lat' dir='ltr'><strong>Augustini</strong></span> 
     </span>
    </p>
   </div>
   <div class='ocr_carea' id='block_1_2' title="bbox 286 1520 1455 2977">
    <p class='ocr_par' dir='ltr' id='par_1_2' title="bbox 286 1520 1455 2977">
     <span class='ocr_line' id='line_1_2' title="bbox 287 1520 1407 1608; baseline -0.004 -20"><span class='ocrx_word' id='word_1_5' title='bbox 287 1524 474 1608; x_wconf 88' lang='lat' dir='ltr'><strong>adgrauatur</strong></span> <span class='ocrx_word' id='word_1_6' title='bbox 495 1522 605 1587; x_wconf 66' lang='lat' dir='ltr'><strong>malis)</strong></span> <span class='ocrx_word' id='word_1_7' title='bbox 629 1521 718 1588; x_wconf 85' lang='lat' dir='ltr'><strong>Certe</strong></span> <span class='ocrx_word' id='word_1_8' title='bbox 741 1540 814 1608; x_wconf 88' lang='lat' dir='ltr'><strong>ergo</strong></span> <span class='ocrx_word' id='word_1_9' title='bbox 837 1522 928 1586; x_wconf 86' lang='lat' dir='ltr'><strong>beata</strong></span> <span class='ocrx_word' id='word_1_10' title='bbox 950 1522 1045 1585; x_wconf 86' lang='lat' dir='ltr'><strong>estin</strong></span> <span class='ocrx_word' id='word_1_11' title='bbox 1065 1520 1182 1584; x_wconf 88' lang='lat' dir='ltr'><strong>eisdem</strong></span> <span class='ocrx_word' id='word_1_12' title='bbox 1204 1520 1282 1603; x_wconf 87' lang='lat' dir='ltr'><strong>ipsis</strong></span> <span class='ocrx_word' id='word_1_13' title='bbox 1303 1520 1407 1598; x_wconf 86' lang='lat' dir='ltr'><strong>malis,</strong></span> 
     </span>
     <span class='ocr_line' id='line_1_3' title="bbox 287 1624 1407 1712; baseline -0.004 -18"><span class='ocrx_word' id='word_1_14' title='bbox 287 1632 413 1712; x_wconf 87' lang='lat' dir='ltr'><strong>propter</strong></span> <span class='ocrx_word' id='word_1_15' title='bbox 443 1647 521 1710; x_wconf 90' lang='lat' dir='ltr'><strong>quae</strong></span> <span class='ocrx_word' id='word_1_16' title='bbox 553 1627 632 1693; x_wconf 88' lang='lat' dir='ltr'><strong>dicis</strong></span> <span class='ocrx_word' id='word_1_17' title='bbox 664 1646 733 1693; x_wconf 86' lang='lat' dir='ltr'><strong>esse</strong></span> <span class='ocrx_word' id='word_1_18' title='bbox 760 1624 960 1711; x_wconf 82' lang='lat' dir='ltr'><strong>fugiendam?</strong></span> <span class='ocrx_word' id='word_1_19' title='bbox 991 1628 1039 1691; x_wconf 83' lang='lat' dir='ltr'><strong>An</strong></span> <span class='ocrx_word' id='word_1_20' title='bbox 1066 1627 1135 1692; x_wconf 90' lang='lat' dir='ltr'><strong>ideo</strong></span> <span class='ocrx_word' id='word_1_21' title='bbox 1162 1627 1285 1691; x_wconf 82' lang='lat' dir='ltr'><strong>beatam</strong></span> <span class='ocrx_word' id='word_1_22' title='bbox 1315 1625 1407 1702; x_wconf 86' lang='lat' dir='ltr'><strong>dicis,</strong></span> 
     </span>
     <span class='ocr_line' id='line_1_4' title="bbox 287 1731 1407 1818; baseline -0.004 -19"><span class='ocrx_word' id='word_1_23' title='bbox 287 1736 360 1818; x_wconf 89' lang='lat' dir='ltr'><strong>quia</strong></span> <span class='ocrx_word' id='word_1_24' title='bbox 380 1735 456 1800; x_wconf 94' lang='lat' dir='ltr'><strong>licet</strong></span> <span class='ocrx_word' id='word_1_25' title='bbox 477 1734 536 1799; x_wconf 90' lang='lat' dir='ltr'><strong>tibi</strong></span> <span class='ocrx_word' id='word_1_26' title='bbox 558 1735 595 1798; x_wconf 89' lang='lat' dir='ltr'><strong>ab</strong></span> <span class='ocrx_word' id='word_1_27' title='bbox 619 1734 668 1798; x_wconf 90' lang='lat' dir='ltr'><strong>bis</strong></span> <span class='ocrx_word' id='word_1_28' title='bbox 691 1734 781 1798; x_wconf 88' lang='lat' dir='ltr'><strong>malis</strong></span> <span class='ocrx_word' id='word_1_29' title='bbox 804 1737 904 1798; x_wconf 89' lang='lat' dir='ltr'><strong>morte</strong></span> <span class='ocrx_word' id='word_1_30' title='bbox 927 1733 1105 1798; x_wconf 80' lang='lat' dir='ltr'><strong>discedere?</strong></span> <span class='ocrx_word' id='word_1_31' title='bbox 1128 1731 1210 1813; x_wconf 87' lang='lat' dir='ltr'><strong>Quid</strong></span> <span class='ocrx_word' id='word_1_32' title='bbox 1233 1732 1259 1796; x_wconf 88' lang='lat' dir='ltr'><strong>si</strong></span> <span class='ocrx_word' id='word_1_33' title='bbox 1283 1750 1356 1816; x_wconf 86' lang='lat' dir='ltr'><strong>ergo</strong></span> <span class='ocrx_word' id='word_1_34' title='bbox 1374 1732 1407 1795; x_wconf 93' lang='lat' dir='ltr'><strong>in</strong></span> 
     </span>
     <span class='ocr_line' id='line_1_5' title="bbox 287 1837 1407 1922; baseline -0.003 -17"><span class='ocrx_word' id='word_1_35' title='bbox 287 1840 333 1905; x_wconf 85' lang='lat' dir='ltr'><strong>eis</strong></span> <span class='ocrx_word' id='word_1_36' title='bbox 356 1840 459 1922; x_wconf 90' lang='lat' dir='ltr'><strong>aliquo</strong></span> <span class='ocrx_word' id='word_1_37' title='bbox 482 1839 587 1904; x_wconf 92' lang='lat' dir='ltr'><strong>diuino</strong></span> <span class='ocrx_word' id='word_1_38' title='bbox 610 1837 725 1905; x_wconf 92' lang='lat' dir='ltr'><strong>iudicio</strong></span> <span class='ocrx_word' id='word_1_39' title='bbox 747 1839 897 1903; x_wconf 87' lang='lat' dir='ltr'><strong>tenereris</strong></span> <span class='ocrx_word' id='word_1_40' title='bbox 924 1858 980 1903; x_wconf 87' lang='lat' dir='ltr'><strong>nec</strong></span> <span class='ocrx_word' id='word_1_41' title='bbox 1002 1838 1225 1921; x_wconf 89' lang='lat' dir='ltr'><strong>permittereris</strong></span> <span class='ocrx_word' id='word_1_42' title='bbox 1248 1838 1326 1902; x_wconf 92' lang='lat' dir='ltr'><strong>mori</strong></span> <span class='ocrx_word' id='word_1_43' title='bbox 1349 1857 1407 1902; x_wconf 90' lang='lat' dir='ltr'><strong>nec</strong></span> 
     </span>
     <span class='ocr_line' id='line_1_6' title="bbox 287 1943 1455 2027; baseline -0.004 -18"><span class='ocrx_word' id='word_1_44' title='bbox 287 1964 435 2027; x_wconf 87' lang='lat' dir='ltr'><strong>umquam</strong></span> <span class='ocrx_word' id='word_1_45' title='bbox 459 1947 525 2011; x_wconf 88' lang='lat' dir='ltr'><strong>siue</strong></span> <span class='ocrx_word' id='word_1_46' title='bbox 543 1945 695 2010; x_wconf 75' lang='lat' dir='ltr'><strong>illis‘esee</strong></span> <span class='ocrx_word' id='word_1_47' title='bbox 714 1945 880 2009; x_wconf 81' lang='lat' dir='ltr'><strong>sinereris?</strong></span> <span class='ocrx_word' id='word_1_48' title='bbox 899 1945 1018 2026; x_wconf 85' lang='lat' dir='ltr'><strong>Nempe</strong></span> <span class='ocrx_word' id='word_1_49' title='bbox 1036 1948 1111 2009; x_wconf 91' lang='lat' dir='ltr'><strong>tunc</strong></span> <span class='ocrx_word' id='word_1_50' title='bbox 1130 1945 1240 2009; x_wconf 87' lang='lat' dir='ltr'><strong>saltem</strong></span> <span class='ocrx_word' id='word_1_51' title='bbox 1258 1943 1406 2008; x_wconf 85' lang='lat' dir='ltr'><strong>miseram</strong></span> <span class='ocrx_word' id='word_1_52' title='bbox 1441 1964 1455 2003; x_wconf 78' lang='lat' dir='ltr'><strong>r</strong></span> 
     </span>
     <span class='ocr_line' id='line_1_7' title="bbox 287 2050 1407 2133; baseline -0.002 -19"><span class='ocrx_word' id='word_1_53' title='bbox 287 2050 382 2115; x_wconf 87' lang='lat' dir='ltr'><strong>talem</strong></span> <span class='ocrx_word' id='word_1_54' title='bbox 414 2052 532 2117; x_wconf 83' lang='lat' dir='ltr'><strong>diceres</strong></span> <span class='ocrx_word' id='word_1_55' title='bbox 564 2051 673 2115; x_wconf 89' lang='lat' dir='ltr'><strong>uitam.</strong></span> <span class='ocrx_word' id='word_1_56' title='bbox 703 2050 773 2116; x_wconf 89' lang='lat' dir='ltr'><strong>Non</strong></span> <span class='ocrx_word' id='word_1_57' title='bbox 805 2051 903 2133; x_wconf 85' lang='lat' dir='ltr'><strong>igitur</strong></span> <span class='ocrx_word' id='word_1_58' title='bbox 934 2053 1094 2133; x_wconf 87' lang='lat' dir='ltr'><strong>propterea</strong></span> <span class='ocrx_word' id='word_1_59' title='bbox 1120 2051 1233 2114; x_wconf 88' lang='lat' dir='ltr'><strong>misera</strong></span> <span class='ocrx_word' id='word_1_60' title='bbox 1259 2068 1318 2114; x_wconf 91' lang='lat' dir='ltr'><strong>nou</strong></span> <span class='ocrx_word' id='word_1_61' title='bbox 1348 2052 1407 2124; x_wconf 88' lang='lat' dir='ltr'><strong>est,</strong></span> 
     </span>
     <span class='ocr_line' id='line_1_8' title="bbox 287 2154 1408 2239; baseline -0.004 -18"><span class='ocrx_word' id='word_1_62' title='bbox 287 2157 360 2239; x_wconf 86' lang='lat' dir='ltr'><strong>quia</strong></span> <span class='ocrx_word' id='word_1_63' title='bbox 382 2157 444 2221; x_wconf 89' lang='lat' dir='ltr'><strong>cito</strong></span> <span class='ocrx_word' id='word_1_64' title='bbox 467 2156 659 2238; x_wconf 87' lang='lat' dir='ltr'><strong>relinquitur.</strong></span> <span class='ocrx_word' id='word_1_65' title='bbox 684 2154 811 2236; x_wconf 87' lang='lat' dir='ltr'><strong>Quando</strong></span> <span class='ocrx_word' id='word_1_66' title='bbox 835 2156 958 2238; x_wconf 86' lang='lat' dir='ltr'><strong>quidem</strong></span> <span class='ocrx_word' id='word_1_67' title='bbox 982 2156 1010 2220; x_wconf 91' lang='lat' dir='ltr'><strong>si</strong></span> <span class='ocrx_word' id='word_1_68' title='bbox 1028 2156 1214 2238; x_wconf 83' lang='lat' dir='ltr'><strong>sempiterna</strong></span> <span class='ocrx_word' id='word_1_69' title='bbox 1236 2155 1287 2230; x_wconf 89' lang='lat' dir='ltr'><strong>sit,</strong></span> <span class='ocrx_word' id='word_1_70' title='bbox 1311 2155 1408 2219; x_wconf 88' lang='lat' dir='ltr'><strong>etiam</strong></span> 
     </span>
     <span class='ocr_line' id='line_1_9' title="bbox 287 2261 1407 2345; baseline -0.001 -20"><span class='ocrx_word' id='word_1_71' title='bbox 287 2262 343 2326; x_wconf 84' lang='lat' dir='ltr'><strong>abo</strong></span> <span class='ocrx_word' id='word_1_72' title='bbox 370 2265 400 2326; x_wconf 89' lang='lat' dir='ltr'><strong>te</strong></span> <span class='ocrx_word' id='word_1_73' title='bbox 427 2263 495 2345; x_wconf 92' lang='lat' dir='ltr'><strong>ipso</strong></span> <span class='ocrx_word' id='word_1_74' title='bbox 518 2263 632 2327; x_wconf 85' lang='lat' dir='ltr'><strong>misera</strong></span> <span class='ocrx_word' id='word_1_75' title='bbox 652 2261 824 2339; x_wconf 87' lang='lat' dir='ltr'><strong>iudicatur;</strong></span> <span class='ocrx_word' id='word_1_76' title='bbox 851 2282 910 2327; x_wconf 94' lang='lat' dir='ltr'><strong>non</strong></span> <span class='ocrx_word' id='word_1_77' title='bbox 933 2262 1038 2344; x_wconf 87' lang='lat' dir='ltr'><strong>itaque</strong></span> <span class='ocrx_word' id='word_1_78' title='bbox 1064 2265 1235 2344; x_wconf 88' lang='lat' dir='ltr'><strong>propterea,</strong></span> <span class='ocrx_word' id='word_1_79' title='bbox 1260 2261 1407 2342; x_wconf 88' lang='lat' dir='ltr'><strong>quoniam</strong></span> 
     </span>
     <span class='ocr_line' id='line_1_10' title="bbox 287 2365 1402 2449; baseline -0.004 -19"><span class='ocrx_word' id='word_1_80' title='bbox 287 2368 392 2433; x_wconf 87' lang='lat' dir='ltr'><strong>breuis</strong></span> <span class='ocrx_word' id='word_1_81' title='bbox 415 2372 473 2445; x_wconf 88' lang='lat' dir='ltr'><strong>est,</strong></span> <span class='ocrx_word' id='word_1_82' title='bbox 492 2368 579 2432; x_wconf 93' lang='lat' dir='ltr'><strong>nulla</strong></span> <span class='ocrx_word' id='word_1_83' title='bbox 596 2368 721 2432; x_wconf 85' lang='lat' dir='ltr'><strong>miseria</strong></span> <span class='ocrx_word' id='word_1_84' title='bbox 739 2366 834 2432; x_wconf 88' lang='lat' dir='ltr'><strong>debet</strong></span> <span class='ocrx_word' id='word_1_85' title='bbox 857 2365 955 2432; x_wconf 89' lang='lat' dir='ltr'><strong>uideri</strong></span> <span class='ocrx_word' id='word_1_86' title='bbox 974 2374 1038 2444; x_wconf 90' lang='lat' dir='ltr'><strong>aut,</strong></span> <span class='ocrx_word' id='word_1_87' title='bbox 1061 2366 1144 2449; x_wconf 88' lang='lat' dir='ltr'><strong>quod</strong></span> <span class='ocrx_word' id='word_1_88' title='bbox 1163 2370 1211 2431; x_wconf 91' lang='lat' dir='ltr'><strong>est</strong></span> <span class='ocrx_word' id='word_1_89' title='bbox 1229 2366 1402 2432; x_wconf 81' lang='lat' dir='ltr'><strong>absurdius.</strong></span> 
     </span>
     <span class='ocr_line' id='line_1_11' title="bbox 288 2471 1454 2556; baseline -0.003 -20"><span class='ocrx_word' id='word_1_90' title='bbox 288 2473 361 2556; x_wconf 86' lang='lat' dir='ltr'><strong>qnia</strong></span> <span class='ocrx_word' id='word_1_91' title='bbox 382 2473 487 2538; x_wconf 90' lang='lat' dir='ltr'><strong>breuis</strong></span> <span class='ocrx_word' id='word_1_92' title='bbox 510 2473 635 2537; x_wconf 89' lang='lat' dir='ltr'><strong>miseria</strong></span> <span class='ocrx_word' id='word_1_93' title='bbox 657 2477 715 2550; x_wconf 85' lang='lat' dir='ltr'><strong>est,</strong></span> <span class='ocrx_word' id='word_1_94' title='bbox 733 2474 803 2538; x_wconf 90' lang='lat' dir='ltr'><strong>ideo</strong></span> <span class='ocrx_word' id='word_1_95' title='bbox 823 2473 916 2538; x_wconf 86' lang='lat' dir='ltr'><strong>etiam</strong></span> <span class='ocrx_word' id='word_1_96' title='bbox 934 2473 1094 2537; x_wconf 85' lang='lat' dir='ltr'><strong>beatitudo</strong></span> <span class='ocrx_word' id='word_1_97' title='bbox 1112 2471 1269 2555; x_wconf 87' lang='lat' dir='ltr'><strong>appellari.</strong></span> <span class='ocrx_word' id='word_1_98' title='bbox 1292 2472 1409 2556; x_wconf 88' lang='lat' dir='ltr'><strong>Magna</strong></span> <span class='ocrx_word' id='word_1_99' title='bbox 1426 2492 1454 2533; x_wconf 84' lang='grc' dir='ltr'><strong>ιο</strong></span> 
     </span>
     <span class='ocr_line' id='line_1_12' title="bbox 286 2576 1407 2663; baseline -0.001 -21"><span class='ocrx_word' id='word_1_100' title='bbox 286 2577 338 2643; x_wconf 91' lang='lat' dir='ltr'><strong>uis</strong></span> <span class='ocrx_word' id='word_1_101' title='bbox 366 2581 415 2644; x_wconf 81' lang='lat' dir='ltr'><strong>eat</strong></span> <span class='ocrx_word' id='word_1_102' title='bbox 439 2579 470 2643; x_wconf 94' lang='lat' dir='ltr'><strong>in</strong></span> <span class='ocrx_word' id='word_1_103' title='bbox 498 2578 543 2644; x_wconf 82' lang='lat' dir='ltr'><strong>eis</strong></span> <span class='ocrx_word' id='word_1_104' title='bbox 572 2580 672 2655; x_wconf 87' lang='lat' dir='ltr'><strong>malis,</strong></span> <span class='ocrx_word' id='word_1_105' title='bbox 700 2598 778 2663; x_wconf 90' lang='lat' dir='ltr'><strong>quae</strong></span> <span class='ocrx_word' id='word_1_106' title='bbox 806 2582 922 2663; x_wconf 85' lang='lat' dir='ltr'><strong>cogunt</strong></span> <span class='ocrx_word' id='word_1_107' title='bbox 947 2579 1103 2644; x_wconf 91' lang='lat' dir='ltr'><strong>hominem</strong></span> <span class='ocrx_word' id='word_1_108' title='bbox 1127 2576 1297 2643; x_wconf 91' lang='lat' dir='ltr'><strong>secundum</strong></span> <span class='ocrx_word' id='word_1_109' title='bbox 1319 2578 1407 2659; x_wconf 89' lang='lat' dir='ltr'><strong>ipsos</strong></span> 
     </span>
     <span class='ocr_line' id='line_1_13' title="bbox 288 2681 1406 2791; baseline -0.003 -42"><span class='ocrx_word' id='word_1_110' title='bbox 288 2684 382 2749; x_wconf 84' lang='lat' dir='ltr'><strong>etiam</strong></span> <span class='ocrx_word' id='word_1_111' title='bbox 405 2685 576 2768; x_wconf 87' lang='lat' dir='ltr'><strong>sapientem</strong></span> <span class='ocrx_word' id='word_1_112' title='bbox 599 2685 725 2750; x_wconf 86' lang='lat' dir='ltr'><strong>sibimet</strong></span> <span class='ocrx_word' id='word_1_113' title='bbox 746 2684 865 2750; x_wconf 78' lang='lat' dir='ltr'><strong>auriane</strong></span> <span class='ocrx_word' id='word_1_114' title='bbox 890 2683 971 2767; x_wconf 91' lang='lat' dir='ltr'><strong>quod</strong></span> <span class='ocrx_word' id='word_1_115' title='bbox 993 2684 1086 2791; x_wconf 71' lang='lat' dir='ltr'><strong>bomo</strong></span> <span class='ocrx_word' id='word_1_116' title='bbox 1110 2688 1172 2758; x_wconf 78' lang='lat' dir='ltr'><strong>est3</strong></span> <span class='ocrx_word' id='word_1_117' title='bbox 1197 2702 1269 2748; x_wconf 89' lang='lat' dir='ltr'><strong>cum</strong></span> <span class='ocrx_word' id='word_1_118' title='bbox 1292 2681 1406 2758; x_wconf 89' lang='lat' dir='ltr'><strong>dicant,</strong></span> 
     </span>
     <span class='ocr_line' id='line_1_14' title="bbox 288 2788 1406 2873; baseline -0.001 -19"><span class='ocrx_word' id='word_1_119' title='bbox 288 2795 320 2855; x_wconf 87' lang='lat' dir='ltr'><strong>et</strong></span> <span class='ocrx_word' id='word_1_120' title='bbox 350 2809 459 2854; x_wconf 88' lang='lat' dir='ltr'><strong>uerum</strong></span> <span class='ocrx_word' id='word_1_121' title='bbox 490 2790 604 2866; x_wconf 91' lang='lat' dir='ltr'><strong>dicant,</strong></span> <span class='ocrx_word' id='word_1_122' title='bbox 636 2793 713 2855; x_wconf 90' lang='lat' dir='ltr'><strong>hanc</strong></span> <span class='ocrx_word' id='word_1_123' title='bbox 745 2810 813 2855; x_wconf 88' lang='lat' dir='ltr'><strong>esse</strong></span> <span class='ocrx_word' id='word_1_124' title='bbox 846 2795 972 2855; x_wconf 85' lang='lat' dir='ltr'><strong>naturae</strong></span> <span class='ocrx_word' id='word_1_125' title='bbox 999 2791 1129 2873; x_wconf 87' lang='lat' dir='ltr'><strong>primam</strong></span> <span class='ocrx_word' id='word_1_126' title='bbox 1157 2788 1290 2872; x_wconf 88' lang='lat' dir='ltr'><strong>quodam</strong></span> <span class='ocrx_word' id='word_1_127' title='bbox 1312 2788 1406 2853; x_wconf 91' lang='lat' dir='ltr'><strong>modo</strong></span> 
     </span>
     <span class='ocr_line' id='line_1_15' title="bbox 288 2895 1408 2977; baseline 0 -18"><span class='ocrx_word' id='word_1_128' title='bbox 288 2899 319 2960; x_wconf 90' lang='lat' dir='ltr'><strong>et</strong></span> <span class='ocrx_word' id='word_1_129' title='bbox 349 2895 513 2959; x_wconf 85' lang='lat' dir='ltr'><strong>maximam</strong></span> <span class='ocrx_word' id='word_1_130' title='bbox 544 2915 665 2974; x_wconf 91' lang='lat' dir='ltr'><strong>uocem,</strong></span> <span class='ocrx_word' id='word_1_131' title='bbox 696 2900 733 2960; x_wconf 93' lang='lat' dir='ltr'><strong>ut</strong></span> <span class='ocrx_word' id='word_1_132' title='bbox 763 2897 855 2962; x_wconf 90' lang='lat' dir='ltr'><strong>homo</strong></span> <span class='ocrx_word' id='word_1_133' title='bbox 887 2896 1070 2961; x_wconf 84' lang='lat' dir='ltr'><strong>concilietur</strong></span> <span class='ocrx_word' id='word_1_134' title='bbox 1100 2896 1159 2960; x_wconf 90' lang='lat' dir='ltr'><strong>sibi</strong></span> <span class='ocrx_word' id='word_1_135' title='bbox 1188 2899 1220 2960; x_wconf 87' lang='lat' dir='ltr'><strong>at</strong></span> <span class='ocrx_word' id='word_1_136' title='bbox 1244 2898 1408 2977; x_wconf 79' lang='lat' dir='ltr'><strong>propterea</strong></span> 
     </span>
    </p>
   </div>
   <div class='ocr_carea' id='block_1_3' title="bbox 286 3105 1452 4777">
    <p class='ocr_par' dir='ltr' id='par_1_3' title="bbox 286 3105 1452 4777">
     <span class='ocr_line' id='line_1_16' title="bbox 288 3105 1410 3191; baseline -0.004 -18"><span class='ocrx_word' id='word_1_137' title='bbox 288 3110 320 3173; x_wconf 87' lang='lat' dir='ltr'><strong>et</strong></span> <span class='ocrx_word' id='word_1_138' title='bbox 349 3107 381 3171; x_wconf 93' lang='lat' dir='ltr'><strong>in</strong></span> <span class='ocrx_word' id='word_1_139' title='bbox 411 3106 470 3173; x_wconf 88' lang='lat' dir='ltr'><strong>hac</strong></span> <span class='ocrx_word' id='word_1_140' title='bbox 501 3105 714 3173; x_wconf 87' lang='lat' dir='ltr'><strong>coniunctione</strong></span> <span class='ocrx_word' id='word_1_141' title='bbox 746 3108 882 3191; x_wconf 85' lang='lat' dir='ltr'><strong>corporis</strong></span> <span class='ocrx_word' id='word_1_142' title='bbox 914 3108 1014 3191; x_wconf 87' lang='lat' dir='ltr'><strong>adque</strong></span> <span class='ocrx_word' id='word_1_143' title='bbox 1045 3108 1165 3172; x_wconf 90' lang='lat' dir='ltr'><strong>animae</strong></span> <span class='ocrx_word' id='word_1_144' title='bbox 1194 3108 1300 3173; x_wconf 88' lang='lat' dir='ltr'><strong>uiuere</strong></span> <span class='ocrx_word' id='word_1_145' title='bbox 1327 3105 1410 3171; x_wconf 87' lang='lat' dir='ltr'><strong>nolit</strong></span> 
     </span>
     <span class='ocr_line' id='line_1_17' title="bbox 286 3212 1426 3298; baseline -0.003 -20"><span class='ocrx_word' id='word_1_146' title='bbox 286 3212 487 3278; x_wconf 87' lang='lat' dir='ltr'><strong>uehementer</strong></span> <span class='ocrx_word' id='word_1_147' title='bbox 513 3214 613 3296; x_wconf 88' lang='lat' dir='ltr'><strong>adque</strong></span> <span class='ocrx_word' id='word_1_148' title='bbox 640 3214 774 3296; x_wconf 86' lang='lat' dir='ltr'><strong>adpetat.</strong></span> <span class='ocrx_word' id='word_1_149' title='bbox 803 3215 919 3298; x_wconf 87' lang='lat' dir='ltr'><strong>Magna</strong></span> <span class='ocrx_word' id='word_1_150' title='bbox 945 3216 994 3279; x_wconf 89' lang='lat' dir='ltr'><strong>uis</strong></span> <span class='ocrx_word' id='word_1_151' title='bbox 1021 3216 1121 3280; x_wconf 90' lang='lat' dir='ltr'><strong>estin</strong></span> <span class='ocrx_word' id='word_1_152' title='bbox 1146 3213 1191 3279; x_wconf 84' lang='lat' dir='ltr'><strong>eis</strong></span> <span class='ocrx_word' id='word_1_153' title='bbox 1213 3213 1314 3287; x_wconf 88' lang='lat' dir='ltr'><strong>malis,</strong></span> <span class='ocrx_word' id='word_1_154' title='bbox 1338 3212 1426 3294; x_wconf 91' lang='lat' dir='ltr'><strong>qui--</strong></span> 
     </span>
     <span class='ocr_line' id='line_1_18' title="bbox 288 3316 1407 3403; baseline 0 -21"><span class='ocrx_word' id='word_1_155' title='bbox 288 3319 347 3383; x_wconf 84' lang='lat' dir='ltr'><strong>bus</strong></span> <span class='ocrx_word' id='word_1_156' title='bbox 369 3319 430 3384; x_wconf 86' lang='lat' dir='ltr'><strong>iste</strong></span> <span class='ocrx_word' id='word_1_157' title='bbox 451 3323 578 3384; x_wconf 91' lang='lat' dir='ltr'><strong>naturae</strong></span> <span class='ocrx_word' id='word_1_158' title='bbox 601 3320 737 3384; x_wconf 85' lang='lat' dir='ltr'><strong>uincitur</strong></span> <span class='ocrx_word' id='word_1_159' title='bbox 758 3340 880 3398; x_wconf 89' lang='lat' dir='ltr'><strong>sensus,</strong></span> <span class='ocrx_word' id='word_1_160' title='bbox 903 3340 964 3403; x_wconf 89' lang='lat' dir='ltr'><strong>quo</strong></span> <span class='ocrx_word' id='word_1_161' title='bbox 987 3340 1070 3385; x_wconf 85' lang='lat' dir='ltr'><strong>mors</strong></span> <span class='ocrx_word' id='word_1_162' title='bbox 1094 3321 1178 3385; x_wconf 91' lang='lat' dir='ltr'><strong>omni</strong></span> <span class='ocrx_word' id='word_1_163' title='bbox 1200 3318 1291 3384; x_wconf 92' lang='lat' dir='ltr'><strong>modo</strong></span> <span class='ocrx_word' id='word_1_164' title='bbox 1310 3316 1407 3383; x_wconf 89' lang='lat' dir='ltr'><strong>omni·</strong></span> 
     </span>
     <span class='ocr_line' id='line_1_19' title="bbox 287 3423 1406 3507; baseline 0 -19"><span class='ocrx_word' id='word_1_165' title='bbox 287 3423 347 3488; x_wconf 86' lang='lat' dir='ltr'><strong>bus</strong></span> <span class='ocrx_word' id='word_1_166' title='bbox 378 3424 498 3490; x_wconf 88' lang='lat' dir='ltr'><strong>uiribus</strong></span> <span class='ocrx_word' id='word_1_167' title='bbox 530 3425 753 3506; x_wconf 90' lang='lat' dir='ltr'><strong>conatibusque</strong></span> <span class='ocrx_word' id='word_1_168' title='bbox 784 3427 912 3503; x_wconf 89' lang='lat' dir='ltr'><strong>nitatur,</strong></span> <span class='ocrx_word' id='word_1_169' title='bbox 945 3430 977 3490; x_wconf 90' lang='lat' dir='ltr'><strong>et</strong></span> <span class='ocrx_word' id='word_1_170' title='bbox 1006 3427 1051 3490; x_wconf 88' lang='lat' dir='ltr'><strong>ita</strong></span> <span class='ocrx_word' id='word_1_171' title='bbox 1079 3427 1224 3503; x_wconf 85' lang='lat' dir='ltr'><strong>uincitur,</strong></span> <span class='ocrx_word' id='word_1_172' title='bbox 1252 3428 1298 3500; x_wconf 89' lang='lat' dir='ltr'><strong>ut,</strong></span> <span class='ocrx_word' id='word_1_173' title='bbox 1325 3443 1406 3507; x_wconf 84' lang='lat' dir='ltr'><strong>quae</strong></span> 
     </span>
     <span class='ocr_line' id='line_1_20' title="bbox 288 3528 1452 3613; baseline 0 -20"><span class='ocrx_word' id='word_1_174' title='bbox 288 3528 446 3594; x_wconf 84' lang='lat' dir='ltr'><strong>uitabatur</strong></span> <span class='ocrx_word' id='word_1_175' title='bbox 472 3532 596 3613; x_wconf 87' lang='lat' dir='ltr'><strong>optetur</strong></span> <span class='ocrx_word' id='word_1_176' title='bbox 621 3529 785 3613; x_wconf 87' lang='lat' dir='ltr'><strong>adpetatur</strong></span> <span class='ocrx_word' id='word_1_177' title='bbox 811 3533 853 3608; x_wconf 91' lang='lat' dir='ltr'><strong>et,</strong></span> <span class='ocrx_word' id='word_1_178' title='bbox 877 3530 904 3596; x_wconf 87' lang='lat' dir='ltr'><strong>si</strong></span> <span class='ocrx_word' id='word_1_179' title='bbox 930 3550 989 3596; x_wconf 90' lang='lat' dir='ltr'><strong>non</strong></span> <span class='ocrx_word' id='word_1_180' title='bbox 1016 3531 1155 3613; x_wconf 89' lang='lat' dir='ltr'><strong>potuerit</strong></span> <span class='ocrx_word' id='word_1_181' title='bbox 1180 3529 1304 3595; x_wconf 88' lang='lat' dir='ltr'><strong>aliunde</strong></span> <span class='ocrx_word' id='word_1_182' title='bbox 1334 3547 1407 3596; x_wconf 84' lang='lat' dir='ltr'><strong>eon·</strong></span> <span class='ocrx_word' id='word_1_183' title='bbox 1424 3546 1452 3586; x_wconf 78' lang='lat' dir='ltr'><strong>ao</strong></span> 
     </span>
     <span class='ocr_line' id='line_1_21' title="bbox 286 3635 1405 3720; baseline 0 -21"><span class='ocrx_word' id='word_1_184' title='bbox 286 3635 417 3718; x_wconf 80' lang='lat' dir='ltr'><strong>tingere,</strong></span> <span class='ocrx_word' id='word_1_185' title='bbox 445 3636 483 3701; x_wconf 89' lang='lat' dir='ltr'><strong>ab</strong></span> <span class='ocrx_word' id='word_1_186' title='bbox 510 3635 634 3701; x_wconf 88' lang='lat' dir='ltr'><strong>bomine</strong></span> <span class='ocrx_word' id='word_1_187' title='bbox 660 3635 728 3720; x_wconf 88' lang='lat' dir='ltr'><strong>ipso</strong></span> <span class='ocrx_word' id='word_1_188' title='bbox 756 3636 883 3701; x_wconf 88' lang='lat' dir='ltr'><strong>sibimet</strong></span> <span class='ocrx_word' id='word_1_189' title='bbox 909 3637 1067 3701; x_wconf 80' lang='lat' dir='ltr'><strong>inferatur.</strong></span> <span class='ocrx_word' id='word_1_190' title='bbox 1094 3637 1209 3720; x_wconf 84' lang='lat' dir='ltr'><strong>Magna</strong></span> <span class='ocrx_word' id='word_1_191' title='bbox 1228 3635 1279 3701; x_wconf 91' lang='lat' dir='ltr'><strong>uis</strong></span> <span class='ocrx_word' id='word_1_192' title='bbox 1302 3638 1351 3701; x_wconf 85' lang='lat' dir='ltr'><strong>est</strong></span> <span class='ocrx_word' id='word_1_193' title='bbox 1372 3635 1405 3699; x_wconf 92' lang='lat' dir='ltr'><strong>in</strong></span> 
     </span>
     <span class='ocr_line' id='line_1_22' title="bbox 287 3739 1405 3824; baseline 0.001 -20"><span class='ocrx_word' id='word_1_194' title='bbox 287 3739 332 3804; x_wconf 88' lang='lat' dir='ltr'><strong>eis</strong></span> <span class='ocrx_word' id='word_1_195' title='bbox 363 3740 465 3819; x_wconf 84' lang='lat' dir='ltr'><strong>malis,</strong></span> <span class='ocrx_word' id='word_1_196' title='bbox 497 3760 576 3824; x_wconf 88' lang='lat' dir='ltr'><strong>quae</strong></span> <span class='ocrx_word' id='word_1_197' title='bbox 607 3741 822 3807; x_wconf 78' lang='lat' dir='ltr'><strong>fortitudinem</strong></span> <span class='ocrx_word' id='word_1_198' title='bbox 851 3741 969 3808; x_wconf 83' lang='lat' dir='ltr'><strong>iaciunt</strong></span> <span class='ocrx_word' id='word_1_199' title='bbox 998 3741 1199 3818; x_wconf 72' lang='lat' dir='ltr'><strong>homicidam</strong></span> <span class='ocrx_word' id='word_1_200' title='bbox 1237 3742 1264 3806; x_wconf 91' lang='lat' dir='ltr'><strong>si</strong></span> <span class='ocrx_word' id='word_1_201' title='bbox 1299 3745 1405 3806; x_wconf 85' lang='lat' dir='ltr'><strong>tamen</strong></span> 
     </span>
     <span class='ocr_line' id='line_1_23' title="bbox 288 3844 1406 3931; baseline 0.001 -22"><span class='ocrx_word' id='word_1_202' title='bbox 288 3844 390 3910; x_wconf 91' lang='lat' dir='ltr'><strong>adhuc</strong></span> <span class='ocrx_word' id='word_1_203' title='bbox 416 3846 545 3911; x_wconf 85' lang='lat' dir='ltr'><strong>dicenda</strong></span> <span class='ocrx_word' id='word_1_204' title='bbox 570 3852 619 3912; x_wconf 89' lang='lat' dir='ltr'><strong>est</strong></span> <span class='ocrx_word' id='word_1_205' title='bbox 644 3848 803 3927; x_wconf 78' lang='lat' dir='ltr'><strong>fortitudo,</strong></span> <span class='ocrx_word' id='word_1_206' title='bbox 833 3868 911 3931; x_wconf 87' lang='lat' dir='ltr'><strong>quaa</strong></span> <span class='ocrx_word' id='word_1_207' title='bbox 936 3851 982 3913; x_wconf 87' lang='lat' dir='ltr'><strong>ita</strong></span> <span class='ocrx_word' id='word_1_208' title='bbox 1007 3849 1056 3913; x_wconf 88' lang='lat' dir='ltr'><strong>his</strong></span> <span class='ocrx_word' id='word_1_209' title='bbox 1087 3849 1178 3913; x_wconf 88' lang='lat' dir='ltr'><strong>malis</strong></span> <span class='ocrx_word' id='word_1_210' title='bbox 1200 3847 1345 3924; x_wconf 86' lang='lat' dir='ltr'><strong>uincitur,</strong></span> <span class='ocrx_word' id='word_1_211' title='bbox 1367 3850 1406 3911; x_wconf 92' lang='lat' dir='ltr'><strong>nt</strong></span> 
     </span>
     <span class='ocr_line' id='line_1_24' title="bbox 288 3950 1404 4039; baseline 0 -24"><span class='ocrx_word' id='word_1_212' title='bbox 288 3950 454 4029; x_wconf 89' lang='lat' dir='ltr'><strong>hominem,</strong></span> <span class='ocrx_word' id='word_1_213' title='bbox 482 3972 573 4035; x_wconf 88' lang='lat' dir='ltr'><strong>quom</strong></span> <span class='ocrx_word' id='word_1_214' title='bbox 596 3954 679 4019; x_wconf 86' lang='lat' dir='ltr'><strong>sicut</strong></span> <span class='ocrx_word' id='word_1_215' title='bbox 702 3955 802 4020; x_wconf 86' lang='lat' dir='ltr'><strong>uirtus</strong></span> <span class='ocrx_word' id='word_1_216' title='bbox 828 3954 997 4039; x_wconf 88' lang='lat' dir='ltr'><strong>regendum</strong></span> <span class='ocrx_word' id='word_1_217' title='bbox 1020 3954 1233 4037; x_wconf 85' lang='lat' dir='ltr'><strong>tuendumque</strong></span> <span class='ocrx_word' id='word_1_218' title='bbox 1256 3952 1404 4035; x_wconf 88' lang='lat' dir='ltr'><strong>suscepit,</strong></span> 
     </span>
     <span class='ocr_line' id='line_1_25' title="bbox 287 4058 1450 4143; baseline 0.001 -23"><span class='ocrx_word' id='word_1_219' title='bbox 287 4075 347 4120; x_wconf 94' lang='lat' dir='ltr'><strong>nou</strong></span> <span class='ocrx_word' id='word_1_220' title='bbox 370 4058 462 4123; x_wconf 89' lang='lat' dir='ltr'><strong>modo</strong></span> <span class='ocrx_word' id='word_1_221' title='bbox 485 4078 543 4124; x_wconf 93' lang='lat' dir='ltr'><strong>uon</strong></span> <span class='ocrx_word' id='word_1_222' title='bbox 566 4059 668 4142; x_wconf 86' lang='lat' dir='ltr'><strong>possit</strong></span> <span class='ocrx_word' id='word_1_223' title='bbox 688 4080 743 4143; x_wconf 89' lang='lat' dir='ltr'><strong>per</strong></span> <span class='ocrx_word' id='word_1_224' title='bbox 763 4060 946 4143; x_wconf 89' lang='lat' dir='ltr'><strong>patientiam</strong></span> <span class='ocrx_word' id='word_1_225' title='bbox 968 4061 1134 4136; x_wconf 85' lang='lat' dir='ltr'><strong>custodire,</strong></span> <span class='ocrx_word' id='word_1_226' title='bbox 1158 4059 1214 4124; x_wconf 88' lang='lat' dir='ltr'><strong>sed</strong></span> <span class='ocrx_word' id='word_1_227' title='bbox 1234 4059 1304 4143; x_wconf 87' lang='lat' dir='ltr'><strong>ipsa</strong></span> <span class='ocrx_word' id='word_1_228' title='bbox 1319 4058 1404 4122; x_wconf 89' lang='lat' dir='ltr'><strong>insu·</strong></span> <span class='ocrx_word' id='word_1_229' title='bbox 1422 4072 1450 4114; x_wconf 68' lang='lat' dir='ltr'><strong>aa</strong></span> 
     </span>
     <span class='ocr_line' id='line_1_26' title="bbox 287 4164 1404 4249; baseline 0 -22"><span class='ocrx_word' id='word_1_230' title='bbox 287 4182 342 4245; x_wconf 91' lang='lat' dir='ltr'><strong>per</strong></span> <span class='ocrx_word' id='word_1_231' title='bbox 372 4167 500 4249; x_wconf 82' lang='lat' dir='ltr'><strong>cogatur</strong></span> <span class='ocrx_word' id='word_1_232' title='bbox 531 4164 677 4230; x_wconf 89' lang='lat' dir='ltr'><strong>occidere.</strong></span> <span class='ocrx_word' id='word_1_233' title='bbox 707 4166 810 4231; x_wconf 88' lang='lat' dir='ltr'><strong>Debet</strong></span> <span class='ocrx_word' id='word_1_234' title='bbox 841 4164 966 4248; x_wconf 89' lang='lat' dir='ltr'><strong>quidem</strong></span> <span class='ocrx_word' id='word_1_235' title='bbox 998 4166 1090 4229; x_wconf 88' lang='lat' dir='ltr'><strong>etiam</strong></span> <span class='ocrx_word' id='word_1_236' title='bbox 1123 4170 1253 4231; x_wconf 89' lang='lat' dir='ltr'><strong>mortem</strong></span> <span class='ocrx_word' id='word_1_237' title='bbox 1280 4164 1404 4247; x_wconf 89' lang='lat' dir='ltr'><strong>sapiens</strong></span> 
     </span>
     <span class='ocr_line' id='line_1_27' title="bbox 288 4267 1403 4353; baseline 0.002 -22"><span class='ocrx_word' id='word_1_238' title='bbox 288 4267 366 4333; x_wconf 86' lang='lat' dir='ltr'><strong>ierre</strong></span> <span class='ocrx_word' id='word_1_239' title='bbox 400 4269 561 4352; x_wconf 87' lang='lat' dir='ltr'><strong>patienter,</strong></span> <span class='ocrx_word' id='word_1_240' title='bbox 599 4269 654 4335; x_wconf 91' lang='lat' dir='ltr'><strong>sed</strong></span> <span class='ocrx_word' id='word_1_241' title='bbox 689 4290 768 4353; x_wconf 90' lang='lat' dir='ltr'><strong>quae</strong></span> <span class='ocrx_word' id='word_1_242' title='bbox 804 4269 917 4336; x_wconf 87' lang='lat' dir='ltr'><strong>accidit</strong></span> <span class='ocrx_word' id='word_1_243' title='bbox 950 4270 1082 4335; x_wconf 87' lang='lat' dir='ltr'><strong>aliunde.</strong></span> <span class='ocrx_word' id='word_1_244' title='bbox 1116 4271 1292 4337; x_wconf 85' lang='lat' dir='ltr'><strong>Secundum</strong></span> <span class='ocrx_word' id='word_1_245' title='bbox 1323 4269 1403 4334; x_wconf 87' lang='lat' dir='ltr'><strong>istos</strong></span> 
     </span>
     <span class='ocr_line' id='line_1_28' title="bbox 289 4375 1403 4460; baseline 0.004 -24"><span class='ocrx_word' id='word_1_246' title='bbox 289 4375 393 4438; x_wconf 87' lang='lat' dir='ltr'><strong>autern</strong></span> <span class='ocrx_word' id='word_1_247' title='bbox 416 4375 443 4439; x_wconf 84' lang='lat' dir='ltr'><strong>si</strong></span> <span class='ocrx_word' id='word_1_248' title='bbox 466 4393 533 4439; x_wconf 88' lang='lat' dir='ltr'><strong>eam</strong></span> <span class='ocrx_word' id='word_1_249' title='bbox 557 4375 616 4439; x_wconf 92' lang='lat' dir='ltr'><strong>sibi</strong></span> <span class='ocrx_word' id='word_1_250' title='bbox 638 4377 705 4459; x_wconf 88' lang='lat' dir='ltr'><strong>ipse</strong></span> <span class='ocrx_word' id='word_1_251' title='bbox 726 4377 837 4441; x_wconf 83' lang='lat' dir='ltr'><strong>inferre</strong></span> <span class='ocrx_word' id='word_1_252' title='bbox 860 4377 1055 4459; x_wconf 82' lang='lat' dir='ltr'><strong>conpellitur,</strong></span> <span class='ocrx_word' id='word_1_253' title='bbox 1081 4378 1220 4460; x_wconf 86' lang='lat' dir='ltr'><strong>proiecto</strong></span> <span class='ocrx_word' id='word_1_254' title='bbox 1244 4375 1403 4442; x_wconf 81' lang='lat' dir='ltr'><strong>latendum</strong></span> 
     </span>
     <span class='ocr_line' id='line_1_29' title="bbox 289 4479 1402 4559; baseline 0.004 -19"><span class='ocrx_word' id='word_1_255' title='bbox 289 4482 339 4543; x_wconf 86' lang='lat' dir='ltr'><strong>est</strong></span> <span class='ocrx_word' id='word_1_256' title='bbox 369 4479 412 4542; x_wconf 87' lang='lat' dir='ltr'><strong>cis</strong></span> <span class='ocrx_word' id='word_1_257' title='bbox 444 4499 503 4545; x_wconf 93' lang='lat' dir='ltr'><strong>non</strong></span> <span class='ocrx_word' id='word_1_258' title='bbox 536 4481 638 4545; x_wconf 90' lang='lat' dir='ltr'><strong>solum</strong></span> <span class='ocrx_word' id='word_1_259' title='bbox 664 4483 755 4551; x_wconf 84' lang='lat' dir='ltr'><strong>mala.</strong></span> <span class='ocrx_word' id='word_1_260' title='bbox 782 4483 837 4547; x_wconf 88' lang='lat' dir='ltr'><strong>sed</strong></span> <span class='ocrx_word' id='word_1_261' title='bbox 864 4482 1068 4547; x_wconf 88' lang='lat' dir='ltr'><strong>intolerabilia</strong></span> <span class='ocrx_word' id='word_1_262' title='bbox 1095 4483 1188 4547; x_wconf 91' lang='lat' dir='ltr'><strong>etiam</strong></span> <span class='ocrx_word' id='word_1_263' title='bbox 1213 4482 1295 4547; x_wconf 91' lang='lat' dir='ltr'><strong>mala</strong></span> <span class='ocrx_word' id='word_1_264' title='bbox 1321 4499 1402 4559; x_wconf 87' lang='lat' dir='ltr'><strong>esse,</strong></span> 
     </span>
     <span class='ocr_line' id='line_1_30' title="bbox 290 4584 1448 4671; baseline 0.002 -24"><span class='ocrx_word' id='word_1_265' title='bbox 290 4602 366 4664; x_wconf 91' lang='lat' dir='ltr'><strong>quae</strong></span> <span class='ocrx_word' id='word_1_266' title='bbox 388 4584 446 4649; x_wconf 89' lang='lat' dir='ltr'><strong>boc</strong></span> <span class='ocrx_word' id='word_1_267' title='bbox 470 4604 541 4649; x_wconf 93' lang='lat' dir='ltr'><strong>eum</strong></span> <span class='ocrx_word' id='word_1_268' title='bbox 559 4589 734 4670; x_wconf 87' lang='lat' dir='ltr'><strong>perpetrare</strong></span> <span class='ocrx_word' id='word_1_269' title='bbox 752 4590 941 4671; x_wconf 87' lang='lat' dir='ltr'><strong>conpellunt.</strong></span> <span class='ocrx_word' id='word_1_270' title='bbox 960 4588 1032 4652; x_wconf 87' lang='lat' dir='ltr'><strong>Vita</strong></span> <span class='ocrx_word' id='word_1_271' title='bbox 1049 4588 1155 4670; x_wconf 90' lang='lat' dir='ltr'><strong>igitur,</strong></span> <span class='ocrx_word' id='word_1_272' title='bbox 1175 4606 1253 4670; x_wconf 89' lang='lat' dir='ltr'><strong>quae</strong></span> <span class='ocrx_word' id='word_1_273' title='bbox 1270 4588 1402 4652; x_wconf 89' lang='lat' dir='ltr'><strong>istorum</strong></span> <span class='ocrx_word' id='word_1_274' title='bbox 1421 4600 1448 4639; x_wconf 68' lang='grc' dir='ltr'>ω</span> 
     </span>
     <span class='ocr_line' id='line_1_31' title="bbox 288 4686 1403 4777; baseline 0.003 -26"><span class='ocrx_word' id='word_1_275' title='bbox 288 4690 352 4752; x_wconf 89' lang='lat' dir='ltr'><strong>tam</strong></span> <span class='ocrx_word' id='word_1_276' title='bbox 375 4686 555 4774; x_wconf 81' lang='lat' dir='ltr'><strong>magnorum</strong></span> <span class='ocrx_word' id='word_1_277' title='bbox 577 4695 702 4775; x_wconf 87' lang='lat' dir='ltr'><strong>tamque</strong></span> <span class='ocrx_word' id='word_1_278' title='bbox 726 4694 867 4777; x_wconf 87' lang='lat' dir='ltr'><strong>grauium</strong></span> <span class='ocrx_word' id='word_1_279' title='bbox 889 4694 1042 4759; x_wconf 90' lang='lat' dir='ltr'><strong>malorum</strong></span> <span class='ocrx_word' id='word_1_280' title='bbox 1064 4697 1119 4759; x_wconf 85' lang='lat' dir='ltr'><strong>aut</strong></span> <span class='ocrx_word' id='word_1_281' title='bbox 1139 4693 1290 4775; x_wconf 89' lang='lat' dir='ltr'><strong>premitur</strong></span> <span class='ocrx_word' id='word_1_282' title='bbox 1307 4690 1403 4755; x_wconf 83' lang='lat' dir='ltr'><strong>oneri·</strong></span> 
     </span>
    </p>
   </div>
   <div class='ocr_carea' id='block_1_4' title="bbox 290 4918 1402 5265">
    <p class='ocr_par' dir='ltr' id='par_1_4' title="bbox 290 4918 1402 5265">
     <span class='ocr_line' id='line_1_32' title="bbox 324 4918 1402 5002; baseline 0.006 -25"><span class='ocrx_word' id='word_1_283' title='bbox 324 4925 456 4981; x_wconf 76' lang='lat' dir='ltr'><strong>tiudioio</strong></span> <span class='ocrx_word' id='word_1_284' title='bbox 476 4918 598 4981; x_wconf 79' lang='lat' dir='ltr'><strong>diuinos</strong></span> <span class='ocrx_word' id='word_1_285' title='bbox 663 4929 825 4984; x_wconf 85' lang='lat' dir='ltr'><strong>5siuereres</strong></span> <span class='ocrx_word' id='word_1_286' title='bbox 841 4931 870 5000; x_wconf 76' lang='lat'><strong>9¹</strong></span> <span class='ocrx_word' id='word_1_287' title='bbox 934 4929 1065 4986; x_wconf 87' lang='lat' dir='ltr'><strong>6diceria</strong></span> <span class='ocrx_word' id='word_1_288' title='bbox 1080 4930 1110 5001; x_wconf 75' lang='lat'><strong>9¹</strong></span> <span class='ocrx_word' id='word_1_289' title='bbox 1177 4932 1209 4986; x_wconf 86' lang='lat'><strong>12</strong></span> <span class='ocrx_word' id='word_1_290' title='bbox 1227 4931 1360 5002; x_wconf 84' lang='lat' dir='ltr'><strong>sapientes</strong></span> <span class='ocrx_word' id='word_1_291' title='bbox 1377 4931 1402 4984; x_wconf 84' lang='lat' dir='ltr'><strong>c¹</strong></span> 
     </span>
     <span class='ocr_line' id='line_1_33' title="bbox 294 5015 1401 5088; baseline 0.006 -23"><span class='ocrx_word' id='word_1_292' title='bbox 294 5015 326 5066; x_wconf 83' lang='lat'><strong>15</strong></span> <span class='ocrx_word' id='word_1_293' title='bbox 344 5029 372 5067; x_wconf 87' lang='lat' dir='ltr'><strong>se</strong></span> <span class='ocrx_word' id='word_1_294' title='bbox 390 5029 439 5068; x_wconf 87' lang='lat' dir='ltr'><strong>om.</strong></span> <span class='ocrx_word' id='word_1_295' title='bbox 458 5031 471 5067; x_wconf 86' lang='lat' dir='ltr'><strong>e</strong></span> <span class='ocrx_word' id='word_1_296' title='bbox 525 5016 556 5070; x_wconf 79' lang='lat'><strong>17</strong></span> <span class='ocrx_word' id='word_1_297' title='bbox 575 5015 746 5071; x_wconf 88' lang='lat' dir='ltr'><strong>uehementer</strong></span> <span class='ocrx_word' id='word_1_298' title='bbox 763 5016 849 5087; x_wconf 88' lang='lat' dir='ltr'><strong>adque</strong></span> <span class='ocrx_word' id='word_1_299' title='bbox 866 5035 941 5085; x_wconf 59' lang='lat' dir='ltr'><strong>mm,</strong></span> <span class='ocrx_word' id='word_1_300' title='bbox 957 5019 1214 5088; x_wconf 83' lang='lat' dir='ltr'><strong>uehementerquen</strong></span> <span class='ocrx_word' id='word_1_301' title='bbox 1272 5020 1304 5074; x_wconf 77' lang='lat'><strong>19</strong></span> <span class='ocrx_word' id='word_1_302' title='bbox 1321 5019 1401 5081; x_wconf 80' lang='lat' dir='ltr'><strong>uitia-</strong></span> 
     </span>
     <span class='ocr_line' id='line_1_34' title="bbox 290 5102 1402 5176; baseline 0.006 -23"><span class='ocrx_word' id='word_1_303' title='bbox 290 5104 365 5154; x_wconf 84' lang='lat' dir='ltr'><strong>turc</strong></span> <span class='ocrx_word' id='word_1_304' title='bbox 408 5103 440 5155; x_wconf 86' lang='lat'><strong>21</strong></span> <span class='ocrx_word' id='word_1_305' title='bbox 459 5102 518 5171; x_wconf 86' lang='lat' dir='ltr'><strong>ipso</strong></span> <span class='ocrx_word' id='word_1_306' title='bbox 537 5103 676 5157; x_wconf 82' lang='lat' dir='ltr'><strong>homines</strong></span> <span class='ocrx_word' id='word_1_307' title='bbox 719 5106 753 5160; x_wconf 82' lang='lat'><strong>25</strong></span> <span class='ocrx_word' id='word_1_308' title='bbox 772 5110 864 5174; x_wconf 86' lang='lat' dir='ltr'><strong>posset</strong></span> <span class='ocrx_word' id='word_1_309' title='bbox 878 5106 907 5175; x_wconf 74' lang='lat'><strong>9¹</strong></span> <span class='ocrx_word' id='word_1_310' title='bbox 955 5107 988 5161; x_wconf 82' lang='grc'><strong>26</strong></span> <span class='ocrx_word' id='word_1_311' title='bbox 1006 5110 1117 5175; x_wconf 83' lang='lat' dir='ltr'><strong>cogatur</strong></span> <span class='ocrx_word' id='word_1_312' title='bbox 1136 5108 1270 5176; x_wconf 81' lang='lat' dir='ltr'><strong>cogitatur</strong></span> <span class='ocrx_word' id='word_1_313' title='bbox 1287 5106 1402 5161; x_wconf 84' lang='lat' dir='ltr'><strong>occide</strong></span> 
     </span>
     <span class='ocr_line' id='line_1_35' title="bbox 290 5188 1368 5265; baseline 0.006 -23"><span class='ocrx_word' id='word_1_314' title='bbox 290 5189 324 5242; x_wconf 80' lang='grc'><strong>27</strong></span> <span class='ocrx_word' id='word_1_315' title='bbox 343 5188 446 5243; x_wconf 87' lang='lat' dir='ltr'><strong>accidet</strong></span> <span class='ocrx_word' id='word_1_316' title='bbox 460 5189 487 5258; x_wconf 75' lang='lat'><strong>9¹</strong></span> <span class='ocrx_word' id='word_1_317' title='bbox 542 5190 575 5244; x_wconf 76' lang='lat'><strong>30</strong></span> <span class='ocrx_word' id='word_1_318' title='bbox 594 5191 753 5261; x_wconf 81' lang='lat' dir='ltr'><strong>conpellunt,</strong></span> <span class='ocrx_word' id='word_1_319' title='bbox 771 5192 792 5246; x_wconf 89' lang='lat' dir='ltr'><strong>ll</strong></span> <span class='ocrx_word' id='word_1_320' title='bbox 809 5210 843 5250; x_wconf 76' lang='lat' dir='ltr'><strong>aa.</strong></span> <span class='ocrx_word' id='word_1_321' title='bbox 862 5194 930 5247; x_wconf 73' lang='lat' dir='ltr'><strong>tior</strong></span> <span class='ocrx_word' id='word_1_322' title='bbox 945 5210 1001 5250; x_wconf 79' lang='lat' dir='ltr'><strong>rus.</strong></span> <span class='ocrx_word' id='word_1_323' title='bbox 1019 5198 1064 5260; x_wconf 82' lang='lat' dir='ltr'><strong>(m.</strong></span> <span class='ocrx_word' id='word_1_324' title='bbox 1082 5199 1098 5248; x_wconf 88' lang='lat'><em>1</em></span> <span class='ocrx_word' id='word_1_325' title='bbox 1116 5194 1336 5265; x_wconf 81' lang='lat' dir='ltr'><strong>conpelabnnt?)‚</strong></span> <span class='ocrx_word' id='word_1_326' title='bbox 1354 5211 1368 5249; x_wconf 83' lang='lat' dir='ltr'><strong>e</strong></span> 
     </span>
    </p>
   </div>
   <div class='ocr_carea' id='block_1_5' title="bbox 0 0 1614 6325">
    <p class='ocr_par' dir='ltr' id='par_1_5' title="bbox 0 0 1614 6325">
     <span class='ocr_line' id='line_1_36' title="bbox 0 0 1614 6325; baseline 0 0"><span class='ocrx_word' id='word_1_327' title='bbox 0 0 1614 6325; x_wconf 95' lang='lat' dir='ltr'><strong> </strong></span> 
     </span>
    </p>
   </div>
  </div>
 </body>
</html>
