3217 6325
285 1296 350 1359 402
626 1292 652 1344 S.
680 1289 836 1343 Aurelii
864 1291 1076 1359 Augustini

284 1507 379 1569 quam
408 1485 491 1549 serui
517 1484 649 1550 tolerare
678 1483 761 1565 quod
789 1484 941 1550 seruiunt.
970 1483 1103 1568 Siquis
1131 1489 1237 1551 autem
1264 1487 1296 1550 in
1325 1487 1417 1552 domo

284 1613 340 1677 per
361 1591 623 1658 inoboedientiam
646 1589 838 1654 domesticae
860 1591 930 1673 paci
954 1590 1147 1667 aduersatur,
1172 1594 1339 1676 corripitur
1360 1613 1417 1658 seu

284 1699 380 1763 uerbo
403 1718 460 1762 sen
482 1697 612 1762 uerbere
631 1716 687 1760 seu
706 1696 847 1778 quolibet
865 1697 927 1761 alio
946 1715 1058 1781 genere
1077 1717 1193 1779 poenae
1211 1699 1296 1763 iusto
1316 1699 1418 1783 adque

283 1805 383 1880 licito,
406 1807 557 1887 quantum
582 1803 716 1868 societas
740 1803 877 1867 humana
899 1803 1053 1878 concedit,
1076 1821 1131 1885 pro
1155 1804 1223 1868 eius
1247 1805 1300 1887 qui
1324 1806 1417 1870 corri-

283 1910 369 1994 pitur·
390 1911 540 1986 utilitate,
560 1912 596 1974 ut
616 1909 686 1991 paci
710 1909 791 1973 unde
820 1908 1001 1974 dissiluerat
1023 1913 1197 1993 coaptetur.
1221 1911 1312 1976 Sicut
1334 1911 1416 1975 enim
1449 1934 1463 1974 s

282 2035 343 2081 non
379 2021 429 2081 est
467 2016 688 2081 beneficentiae
725 2015 902 2080 orliunando
940 2015 1071 2090 efficere,
1109 2019 1146 2080 ut
1181 2017 1297 2082 bonnm
1331 2017 1417 2099 quod

282 2124 385 2188 maius
409 2128 459 2187 est
481 2124 658 2187 amittatur:
689 2123 734 2186 itu
756 2141 816 2185 non
841 2127 890 2186 est
913 2122 1106 2186 innocentiae
1128 2122 1282 2204 parcendo
1306 2122 1416 2191 sinere.

283 2235 321 2294 ιιι
350 2230 381 2293 in
409 2230 528 2293 malum
556 2229 684 2312 grauius
713 2228 877 2292 incidatur.
909 2228 1049 2292 Pertinet
1077 2247 1152 2312 ergo
1179 2228 1218 2293 ad
1240 2228 1416 2294 innocentis

284 2335 433 2410 officium,
469 2354 528 2400 non
557 2318 669 2399 'solum
705 2334 820 2398 nemini
858 2335 976 2398 malum
1013 2334 1136 2411 inferre,
1174 2354 1284 2400 nerum
1321 2333 1416 2398 etianr

283 2441 428 2506 cohibere
463 2460 481 2504 a
513 2442 641 2522 peccato
673 2439 726 2503 uel
758 2438 868 2521 punire
898 2441 1075 2521 peccatum,
1107 2443 1145 2503 ιιι
1175 2442 1231 2504 aut
1262 2440 1329 2523 ipse
1362 2441 1416 2522 qui
1436 2466 1462 2505 o

282 2546 433 2631 plectitur
458 2546 633 2630 corrigatur
659 2546 879 2628 experimento,
909 2549 965 2610 aut
991 2546 1045 2609 alii
1068 2550 1242 2610 terreantur
1264 2547 1416 2629 exemplo.

283 2650 365 2731 Quia
390 2652 488 2736 igitur
514 2651 650 2716 hominis
674 2652 786 2715 domus
810 2652 935 2716 initium
963 2652 1032 2716 siue
1055 2651 1209 2734 particula
1231 2652 1325 2717 debet
1346 2671 1417 2717 esse

282 2758 433 2824 ciuitatis.
462 2776 551 2823 omne
578 2761 684 2822 autem
712 2757 838 2822 initium
865 2757 903 2822 ad
931 2757 1067 2840 aliquem
1095 2758 1145 2822 sui
1178 2759 1300 2841 generis
1322 2757 1416 2822 tinem

283 2869 316 2929 et
338 2865 439 2929 omnis
461 2884 532 2948 pars
556 2865 595 2929 ad
618 2864 768 2941 uniuersi,
792 2865 883 2929 cuius
906 2883 978 2948 pars
1002 2866 1061 2942 est,
1085 2864 1299 2948 integritatem
1323 2863 1415 2929 refer·

282 2973 344 3047 tur,
367 2970 447 3035 satis
467 2971 596 3053 apparet
618 2989 688 3034 esse
711 2988 917 3052 consequens,
945 2973 982 3033 ut
1006 2970 1044 3034 ad
1067 2988 1176 3052 pacem
1200 2971 1333 3035 ciuicam
1356 2990 1415 3053 pax
1434 2998 1459 3037 ιι

283 3076 456 3147 domestica
477 3077 637 3151 referatur,
660 3075 693 3138 id
716 3080 775 3152 est,
799 3079 836 3140 ut
858 3075 999 3139 ordinata
1022 3076 1193 3158 imperandi
1217 3076 1414 3140 oboediendi·

283 3202 344 3266 qne
366 3181 531 3249 concordia
554 3183 800 3247 cohabitantium
823 3184 974 3248 referatur
992 3183 1030 3246 ad
1050 3182 1224 3247 ordinatum
1242 3183 1414 3267 imperandi

283 3288 529 3371 oboediendiqno
552 3288 746 3353 concordiam
771 3288 900 3353 ciuium.
924 3289 974 3353 lta
995 3288 1040 3363 fit,
1064 3292 1101 3353 ιιι
1123 3308 1158 3353 ex
1180 3290 1251 3372 lege
1274 3289 1414 3353 ciuitatis

283 3399 448 3478 praecepta
479 3413 602 3459 sumere
634 3399 753 3476 patrem
785 3394 920 3459 familias
953 3398 1104 3478 oporteat,
1138 3395 1253 3476 quibus
1286 3394 1413 3460 domum

284 3518 374 3565 suam
396 3501 441 3565 sic
465 3503 563 3584 regat,
586 3504 623 3564 ιιι
645 3499 688 3563 sit
710 3499 780 3583 paci
803 3500 1008 3565 adcommoda
1031 3500 1181 3566 ciuitatis.
1434 3529 1460 3568 eo

718 3691 854 3757 CAPUT
876 3692 979 3757 XVII.

284 3832 391 3900 Unde
411 3832 607 3898 caelestis
625 3833 802 3898 societas
819 3852 902 3897 cum
917 3834 1265 3898 terrenaciuitate
1280 3853 1415 3918 pacem

543 3939 690 4004 habeat
714 3944 751 4003 et
774 3939 873 4003 unde
897 3939 1153 4005 discordiam.

328 4079 390 4146 Sed
414 4080 524 4144 domus
548 4079 719 4156 hominnm,
746 4080 799 4162 qui
822 4098 882 4144 non
905 4080 1022 4144 uiuunt
1043 4100 1079 4145 er
1101 4080 1172 4156 lide,
1195 4099 1303 4164 pacem
1322 4090 1416 4145 terro-

284 4205 355 4251 nam
376 4180 420 4249 'er
448 4185 542 4249 huius
566 4185 749 4267 temporalis
778 4186 862 4249 uitae
884 4185 979 4250 rebus
1002 4187 1237 4269 commodisque
1260 4190 1415 4260 sectatur:
1434 4207 1462 4247 ss

286 4291 398 4356 domus
426 4293 531 4354 antem
559 4291 719 4362 hominum
742 4309 778 4355 er
801 4290 862 4354 lide
884 4291 1062 4362 uiuentium
1084 4296 1314 4374 exspectatos,
1337 4311 1417 4376 quae

283 4398 314 4460 in
344 4398 485 4461 futurum
508 4400 633 4461 aeterna
656 4396 812 4479 promissa
835 4399 919 4470 sunt,
946 4397 1139 4479 terrenisque
1161 4399 1256 4463 rebus
1279 4416 1315 4462 ac
1338 4403 1416 4463 tem·

283 4503 443 4586 poralibus
471 4507 630 4584 tamqnam
659 4503 961 4586 peregrinantum,
988 4521 1049 4568 non
1077 4504 1192 4585 quibus
1220 4503 1363 4586 capiatur
1385 4508 1418 4569 et

284 4612 443 4672 auertatnr
474 4628 534 4689 quo
567 4608 669 4673 tendit
698 4609 730 4672 in
762 4609 876 4684 Deum,
913 4609 967 4673 sed
1000 4609 1115 4691 quibus
1148 4613 1342 4674 sustentetur
1378 4610 1416 4675 ad

284 4714 408 4778 facilius
434 4713 594 4778 toleranda
620 4714 809 4795 minimeque
837 4714 979 4797 augenda
1006 4734 1099 4779 onem
1125 4716 1263 4798 corporis
1292 4734 1414 4799 corrup·
1436 4736 1463 4778 eo

319 4991 526 5060 dauersatury
597 4991 793 5045 ddiseolnere't
812 4993 835 5046 e¹
909 4993 1033 5046 lorinus
1052 4996 1094 5046 est
1107 5009 1129 5060 p
1202 4993 1336 5047 9malum
1355 5011 1416 5064 gra·

285 5079 381 5146 ninep
427 5081 458 5132 13
477 5081 556 5132 tinem
574 5079 723 5148 reiertnrp
769 5081 804 5134 20
823 5080 995 5135 accommoda
1013 5081 1150 5151 odom
1167 5081 1417 5137 accommodatur

286 5168 318 5220 25
338 5167 501 5238 temporisp
573 5168 742 5240 nitallrebus,
761 5169 783 5223 dr
801 5186 880 5233 erce,
897 5186 915 5239 9
