3217 6325
226 1303 293 1375 464
570 1309 596 1363 S.
622 1309 778 1363 Aurelii
808 1309 1023 1377 Augustini

224 1502 367 1569 issemus
389 1507 495 1567 autem
517 1505 642 1586 propter
663 1501 772 1579 malos,
801 1503 856 1585 qui
878 1502 971 1566 eham
994 1520 1111 1585 poenas
1138 1503 1216 1583 aput
1241 1500 1354 1565 inferos

229 1609 379 1693 pendunt.
409 1608 442 1674 Si
471 1610 552 1674 enim
580 1628 640 1674 non
667 1608 801 1674 absurde
829 1608 913 1674 credi
939 1608 1064 1674 uidetur
1090 1608 1237 1690 antiquos
1260 1606 1354 1671 etiam

225 1718 365 1790 sanctos,
392 1716 447 1798 qui
473 1714 598 1779 uenturi
626 1714 743 1780 Christi
766 1718 933 1779 tenuerunt
954 1712 1059 1792 fidem,
1085 1714 1164 1779 locis
1188 1712 1355 1796 quideme

228 1822 390 1886 tormentis
426 1822 581 1904 inpiorum
617 1821 850 1898 remotissimis,
892 1820 948 1887 sed
983 1823 1060 1904 aput
1094 1819 1209 1885 inferos
1244 1818 1354 1895 luisse,

228 1927 326 1993 donec
348 1927 495 1994 corinda
517 1927 634 1993 Christi
657 1926 785 2011 sanguis
809 1930 841 1991 et
867 1925 906 1990 ad
928 1946 965 1991 ea
986 1925 1056 1993 loca
1078 1925 1248 1990 descensus
1271 1944 1353 1990 erue-
1379 1942 1391 1984 s

227 2036 285 2110 ret,
322 2033 460 2118 profecto
496 2033 644 2116 deinceps
678 2032 753 2099 honi
788 2032 897 2099 fideles
930 2032 1029 2097 stluso
1062 2032 1119 2099 illo
1155 2032 1256 2113 pretio
1292 2031 1353 2095 iam

220 2138 356 2204 redemti
386 2158 513 2225 prorsus
543 2139 658 2204 inferos
690 2138 845 2214 nesciunt,
877 2138 978 2204 donec
1010 2139 1104 2203 etiam
1131 2138 1267 2223 receptis
1290 2156 1354 2203 cor·

228 2245 356 2328 poribus
381 2245 464 2310 hona
489 2245 650 2329 recipiant,
678 2264 757 2328 quas
779 2248 947 2310 merentur.
975 2243 1054 2311 oum
1078 2247 1182 2309 autem
1207 2243 1352 2309 dixisset:

228 2350 275 2414 Itt
301 2350 474 2417 iudicati
502 2354 594 2416 sunt
622 2350 778 2435 singuli
806 2351 1024 2425 secundum
1052 2351 1161 2416 facta
1183 2369 1265 2427 sua,
1288 2350 1352 2413 hre-

226 2456 309 2521 uiter
340 2455 485 2534 subiecit,
516 2474 607 2539 quem
637 2456 830 2521 admodum
858 2456 975 2521 tuerint
994 2456 1140 2522 iudicati:
1172 2456 1221 2521 llt
1251 2475 1352 2521 mors
1370 2475 1394 2513 ιι

227 2566 267 2626 et
289 2561 481 2637 internus,
503 2562 615 2644 inquit,
637 2561 753 2626 missi
777 2565 870 2626 sunt
892 2562 929 2626 in
954 2567 1138 2646 stagnum
1160 2560 1282 2645 ignis,
1305 2562 1353 2626 his

226 2666 404 2732 nominihus
436 2667 614 2751 significans
645 2666 816 2744 diabolum,
847 2667 993 2752 quoniam
1024 2668 1135 2734 mortis
1165 2670 1216 2732 est
1246 2670 1356 2732 auctor

221 2772 476 2856 intemammque
493 2792 673 2857 poenarum,
691 2774 933 2855 uniuersumque
947 2774 1043 2839 simul
1058 2772 1243 2838 daemonum
1258 2773 1354 2837 socie

226 2882 335 2944 tatem.
366 2879 437 2945 Hoc
468 2884 518 2945 est
548 2879 630 2944 enim
661 2879 744 2961 quod
772 2898 867 2962 snpra
893 2879 1072 2944 euidentius
1099 2876 1353 2962 praeoccupando

228 2984 290 3050 iam
313 2984 447 3050 dixerat:
475 2985 523 3049 Itt
545 2984 742 3062 diabolus,
772 2986 838 3068 qui
863 2985 1082 3057 seducebat
1104 3004 1180 3060 eos,
1204 2985 1354 3049 missus
1372 3003 1394 3042 a

229 3093 291 3156 cst
321 3090 359 3154 in
396 3093 581 3177 stagnum
613 3092 720 3176 ignis
757 3096 796 3156 et
827 3091 1045 3175 sulphuris.
1084 3089 1175 3172 Quod
1208 3109 1283 3157 uero
1311 3089 1355 3155 ihi

224 3197 393 3263 obscurius
421 3198 602 3264 adiunxerat
629 3199 749 3264 dicens:
783 3196 864 3278 Quo
897 3202 936 3264 et
965 3198 1100 3264 bestie
1131 3202 1167 3262 et
1190 3197 1354 3282 pseudo·

222 3303 433 3388 propheta,
457 3305 508 3370 hic
527 3305 682 3389 apertius:
701 3305 746 3370 llt
763 3305 829 3388 qui
849 3324 927 3387 nou
943 3308 1047 3384 sunt,
1065 3305 1177 3387 inquit,
1195 3304 1354 3370 inuenti

226 3410 264 3475 in
288 3410 393 3476 libro
417 3411 527 3476 uitae
550 3410 708 3492 scripti,
727 3411 844 3476 missi
863 3412 1012 3477 suntin
1031 3416 1216 3502 stagnum
1235 3411 1352 3497 iguis,

223 3513 296 3581 Non
319 3516 422 3582 Deum
444 3516 524 3582 liber
545 3516 605 3582 iste
628 3521 859 3597 commemorat,
889 3536 927 3582 ue
950 3517 1108 3584 obliuione
1130 3517 1274 3593 fallatum
1298 3516 1353 3581 aad
1369 3532 1395 3573 ιι

226 3621 540 3706 praedestinationem
577 3622 733 3708 signifieat
767 3641 885 3700 eorum,
923 3623 1036 3706 quihus
1066 3626 1194 3693 aeterni
1228 3621 1355 3688 dabitur

222 3727 302 3794 uita
333 3726 443 3811 Neque
470 3727 551 3792 enim
580 3728 682 3794 nescit
708 3747 761 3793 eos
783 3728 870 3794 Deus
899 3734 931 3794 et
956 3729 987 3793 iu
1015 3729 1076 3795 hoc
1103 3729 1183 3794 libro
1204 3728 1294 3812 legit.
1318 3733 1355 3793 ut

222 3832 322 3907 sciat;
355 3831 410 3897 sed
440 3832 545 3915 potius
576 3831 645 3917 ipsa
676 3833 744 3898 eius
774 3833 982 3917 praescientia
1008 3833 1046 3899 de
1071 3833 1146 3913 illis,
1179 3853 1259 3917 quae
1287 3833 1354 3899 falli

225 3956 286 4004 non
314 3941 429 4022 potest,
454 3938 535 4004 liber
562 3943 611 4005 est
637 3939 731 4019 uitae,
758 3940 789 4004 in
818 3959 879 4023 quo
907 3944 982 4006 sunt
1008 3940 1128 4024 scripti,
1154 3939 1188 4004 id
1211 3943 1261 4006 ast
1282 3944 1352 4005 ants

221 4045 428 4129 praecogniti.
1369 4062 1395 4102 ss

664 4235 799 4303 CAPUT
823 4237 908 4303 XVI.

472 4377 525 4442 De
549 4377 660 4444 caelo
684 4387 785 4443 nouo
808 4382 847 4442 et
868 4382 976 4443 terra
998 4397 1106 4444 noua.

268 4513 371 4580 Finito
398 4518 503 4581 autem
528 4516 656 4597 iudicio,
684 4536 745 4600 quo
772 4490 1005 4601 praenuntiauit
1029 4517 1213 4585 iudicandos
1240 4520 1350 4598 malos,

224 4623 323 4688 restat
352 4623 390 4686 ut
420 4622 515 4688 etiam
547 4622 585 4688 de
616 4623 706 4689 honis
739 4624 832 4689 dicat.
863 4624 930 4689 Iam
961 4625 1044 4690 enim
1071 4626 1240 4710 explicauit
1266 4626 1349 4710 quod

314 4847 347 4902 17
365 4848 447 4918 Apoc.
466 4849 510 4915 20,
529 4850 562 4903 14
580 4866 619 4919 sq.

260 4972 276 5024 5
295 4970 404 5039 sanguis
423 4968 556 5025 Christis
625 4971 657 5026 10
676 4972 915 5042 quemamodump
986 4973 1018 5027 13
1036 4973 1251 5044 infamarumque
1271 4991 1349 5044 eppa·

223 5060 254 5153 et
270 5056 431 5112 internarum
449 5075 466 5113 o
483 5058 580 5113 Domh.
670 5061 704 5115 16
725 5061 840 5131 sulpuris
859 5078 895 5131 ep
1001 5063 1040 5116 ibi
1058 5078 1155 5116 ueros
1242 5063 1277 5117 20
1294 5080 1347 5117 non

224 5159 278 5248 dm,
296 5182 328 5236 ιἰι
339 5198 423 5254 marg.
443 5158 513 5247 dum,
531 5198 558 5249 e;
575 5181 721 5238 nondumh
769 5185 803 5239 22
821 5183 891 5255 legit
908 5201 1039 5256 aegpo;
1055 5186 1155 5256 legitur
1168 5186 1236 5256 hpe
1249 5185 1346 5242 Βοιώ.
