3217 6325
293 1305 357 1370 314
635 1302 661 1358 S.
689 1302 843 1357 Aurelii
869 1302 1082 1372 Augustini

293 1493 356 1572 tit,
388 1500 426 1561 et
457 1500 564 1561 terra
595 1499 790 1561 commota
821 1499 883 1561 est
904 1494 979 1577 quid
1002 1497 1051 1559 est
1073 1494 1134 1559 nisi
1157 1495 1256 1559 ‘stetit
1278 1493 1317 1558 ad
1340 1493 1416 1558 sub·

292 1600 489 1680 ueniendum,
513 1606 544 1665 ct
566 1604 648 1665 tarra
671 1603 828 1665 commota
845 1603 895 1664 est
912 1599 950 1664 ad
969 1593 1187 1665 eredendum’?
1209 1599 1414 1683 Respexit,

291 1708 330 1769 et
351 1706 572 1771 tabuerunt
593 1709 743 1790 gentes,
766 1706 826 1771 hoc
849 1712 898 1771 est
914 1706 1072 1770 ‘misertus
1095 1709 1197 1770 estet
1219 1705 1294 1769 iecit
1315 1725 1415 1789 pepu-

290 1811 338 1875 les
361 1812 572 1894 paenitentee‘.
597 1811 775 1878 Contriti
809 1815 902 1877 eunt
931 1816 1085 1876 ruentes
1117 1810 1329 1888 uiolentia,
1354 1811 1414 1876 bec

290 1918 339 1981 est
361 1916 435 1982 ‘uim
458 1918 644 1984 facientibus
667 1917 827 1983 miraculis
850 1919 1001 1982 elaturum
1024 1919 1074 1980 est
1095 1916 1227 1981 contrita
1245 1916 1411 1999 snperbia'.
1444 1934 1458 1976 s

289 2020 561 2089 Deflurcrunt
583 2023 709 2089 colles
733 2023 970 2099 aeternales,
994 2022 1052 2087 lroc
1076 2025 1126 2086 est
1147 2021 1316 2086 ‘humiliati
1338 2029 1416 2088 sunt

288 2126 326 2190 ad
348 2130 484 2211 tempus,
507 2132 544 2193 ut
566 2128 758 2213 erigerentur
780 2129 811 2192 in
834 2128 1014 2193 aetemum‘.
1038 2128 1258 2211 Ingressus
1290 2131 1415 2193 aeter-

287 2250 356 2297 nos
379 2233 464 2299 eius
487 2253 554 2318 pro
578 2234 790 2300 laboribus
813 2233 908 2310 uidi,
931 2233 991 2298 hec
1014 2236 1063 2298 est
1083 2235 1153 2298 ‘neu
1177 2233 1246 2297 eine
1269 2232 1414 2297 mercede

287 2340 477 2405 aeternitatis
501 2340 636 2405 laborem
661 2339 798 2405 caritatis
821 2339 967 2424 adsperi’.
986 2339 1260 2404 Tabernacula
1277 2338 1414 2402 Aethi·

287 2462 399 2526 epum
428 2447 697 2529 expauesecnt
725 2447 763 2510 et
789 2445 1053 2510 tabernacula
1079 2448 1209 2509 terrac
1231 2442 1458 2523 Madiama

285 2550 345 2614 hec
368 2553 416 2615 est
437 2552 557 2636 ‘gentes
579 2554 706 2633 repente
729 2550 910 2635 perterritae
933 2549 1042 2615 nuntie
1068 2548 1259 2613 mirabilium
1282 2552 1412 2614 tuorum

286 2654 379 2721 etiam
407 2675 485 2738 qnae
512 2675 572 2721 nun
602 2657 731 2723 suntin
759 2657 827 2721 inre
849 2656 987 2720 Romano
1015 2658 1105 2719 erunt
1125 2653 1157 2718 in
1182 2654 1300 2737 popule
1324 2652 1411 2719 chri·

285 2760 407 2827 stirne!
427 2761 628 2845 Numquid
656 2763 693 2827 in
721 2761 963 2826 fluminibus
989 2761 1121 2825 iratus
1150 2778 1203 2835 es,
1235 2758 1410 2835 Domine,

284 2866 411 2931 autin
434 2867 675 2933 fluminibus
703 2866 816 2931 furor
842 2870 937 2932 tuus
960 2867 1028 2930 aut
1049 2866 1088 2930 in
1109 2865 1207 2930 mari
1230 2864 1409 2948 impetus

284 2973 398 3037 tuus?
426 2972 485 3039 hoe
512 2973 583 3038 ideo
611 2971 814 3051 dictumest,
839 2972 993 3055 quianon
1018 2970 1105 3036 uenit
1126 2988 1207 3035 nunc
1232 2975 1268 3033 nt
1289 2969 1410 3034 iudicet
1428 2989 1454 3031 n

282 3077 444 3155 mundum,
468 3078 522 3143 sed
545 3081 582 3143 nt
599 3078 741 3143 salnetur
763 3078 898 3143 muudus
916 3096 972 3159 per
988 3078 1104 3159 ipsum.
1128 3074 1228 3155 Quia
1250 3074 1410 3141 adscen-

284 3182 351 3249 des
379 3204 499 3267 super
525 3203 649 3267 eques
676 3188 779 3262 tuos,
809 3187 848 3250 et
875 3182 1075 3266 equitatio
1102 3185 1171 3247 tna
1197 3184 1319 3260 salus,
1349 3183 1410 3248 huc

281 3292 331 3354 est
351 3288 573 3372 ‘euangelistae
596 3289 644 3353 tui
667 3288 837 3372 portabunt
858 3291 900 3372 te,
923 3289 976 3371 qui
998 3291 1150 3372 reguntur
1167 3307 1185 3351 a
1202 3290 1245 3365 te,
1264 3293 1297 3352 et
1315 3306 1409 3353 euan-

281 3393 399 3478 gelium
425 3398 515 3459 tuum
543 3395 629 3459 salus
656 3395 716 3460 erit
743 3394 798 3470 eis,
824 3394 877 3477 qui
901 3393 1030 3459 creduut
1051 3394 1082 3457 iu
1106 3394 1161 3457 te?
1190 3393 1407 3459 Intendens

281 3499 467 3565 intendes
486 3519 618 3566 arcum
637 3504 748 3565 tuum
763 3504 1068 3582 supersecptra,
1083 3498 1406 3579 dicitDeminus,
1424 3518 1451 3560 ac

278 3605 338 3670 hec
363 3610 413 3671 est
438 3605 685 3672 ‘comminaberis
712 3604 866 3671 iudicium
893 3610 984 3671 tuum
1011 3605 1105 3670 etiam
1133 3604 1261 3689 regibus
1284 3608 1408 3670 terrae?

279 3710 532 3776 Fluminibus
561 3710 774 3776 scindetur
799 3714 916 3792 terra,
944 3710 1003 3776 lucc
1031 3714 1080 3775 cst
1106 3710 1318 3775 ‘influentibus
1343 3728 1406 3775 ser·

278 3816 424 3881 monibus
446 3816 690 3898 praedicant-ium
708 3821 740 3880 te
760 3816 937 3897 aperientur
954 3814 992 3879 ad
1010 3814 1220 3884 confitendum
1240 3814 1405 3880 bominum

278 3921 380 3998 cerda,
399 3920 513 4005 quibus
532 3924 581 3986 est
599 3920 733 3986 dietum:
758 3920 941 3986 scindite
964 3919 1083 3986 cerda
1105 3923 1245 3985 uestra‘
1267 3926 1306 3984 et
1329 3939 1403 3985 nen

278 4027 545 4091 uestimenta?
580 4026 663 4107 Quid
699 4029 761 4092 cst:
798 4025 1003 4092 Videbunt
1043 4030 1080 4090 te
1121 4029 1160 4091 et
1201 4025 1449 4092 dolebuntee

277 4132 428 4215 pepuli,
451 4132 512 4197 nisi
536 4135 573 4197 ut
594 4130 731 4216 lugendo
750 4132 814 4196 sint
834 4131 939 4196 beati?
962 4129 1044 4211 Quid
1067 4135 1129 4194 est:
1152 4131 1403 4216 Dispergens

278 4255 398 4318 aquas
421 4237 598 4314 incessu,
622 4256 659 4301 an
682 4236 879 4301 ‘ambulando
901 4237 933 4300 iu
955 4236 1011 4313 eis,
1031 4236 1085 4318 qui
1103 4239 1136 4300 te
1154 4255 1255 4318 usque
1278 4255 1403 4319 quaque

277 4340 469 4419 adnuntiant,
493 4341 552 4406 bac
575 4342 675 4424 adque
701 4342 759 4406 bac
784 4341 940 4425 dispergis
966 4341 1085 4406 fluenta
1106 4341 1294 4407 doctrinae’?
1317 4342 1403 4423 Quid

277 4451 339 4512 est:
364 4446 482 4514 Dedit
505 4448 680 4530 abyssus
703 4466 842 4512 uocem
865 4465 984 4525 suam,
1008 4447 1273 4529 an‘preiunditas
1298 4447 1401 4512 cordis

360 4687 377 4739 2
395 4687 439 4742 Pe.
457 4688 499 4751 56,
516 4689 533 4742 6
588 4687 677 4743 1610.
695 4689 720 4750 3,
742 4689 772 4741 li
830 4689 865 4743 24
884 4687 939 4743 leel
958 4690 984 4752 2,
1005 4689 1037 4743 13

309 4808 552 4863 lmntritaestn
605 4808 1134 4880 lbmadirrnpp51nauianubepua
1194 4811 1401 4866 laimeerine

278 4893 536 4948 lluelinmariu
583 4897 615 4951 lt
634 4897 680 4966 qui
693 4913 716 4966 p
762 4899 793 4952 17
808 4897 880 4950 salus
895 4939 987 4953 .....
1000 4899 1193 4967 tennione
1240 4899 1401 4962 abdcere

276 4981 311 5034 22
329 4979 459 5035 scinditur
473 4998 491 5049 p
552 4983 586 5036 24
604 4982 861 5054 quibua...eorda
878 5002 912 5038 ιιι.
932 4990 947 5038 1
965 4986 997 5038 in
1013 5002 1130 5054 usurpo
1200 4986 1303 5041 dietum
1321 4993 1400 5045 estc

274 5067 725 5136 tiineepsume3ininceasuub
779 5073 1227 5144 unuprenb.,·ine,·nisipu
1262 5076 1399 5147 mbra-

281 5152 450 5209 subdeditu
