3217 6325
290 1266 354 1331 498
635 1259 662 1314 S.
689 1256 844 1314 Aurelii
871 1258 1085 1328 Augustius

720 1452 857 1519 CAPUT
878 1451 993 1517 XXVI.

289 1597 340 1662 Dc
364 1595 581 1675 sacrificiis,
606 1613 698 1678 quae
721 1593 844 1660 sancti
868 1595 1030 1659 offerent
1052 1592 1126 1658 Deo
1146 1591 1200 1658 sic
1218 1591 1419 1676 placitura.

291 1722 363 1787 quo
391 1702 497 1768 modo
524 1702 559 1765 in
588 1700 719 1766 diebus
743 1699 917 1783 pristinis
947 1704 982 1764 et
1005 1699 1109 1764 annis
1132 1698 1322 1782 prioribus
1346 1697 1422 1781 pla·

773 1809 938 1871 cusruut

333 1948 450 2015 Volens
478 1952 583 2013 autem
607 1948 694 2012 Deus
718 1948 881 2012 ostendere
904 1947 1067 2016 ciuitatem
1091 1964 1180 2011 suam
1203 1949 1279 2010 tunc
1302 1946 1334 2009 in
1357 1945 1423 2010 ista
1452 1959 1465 1998 ⁶

290 2053 515 2122 cousuetudine
542 2074 603 2120 non
631 2054 770 2120 torturam
798 2054 876 2119 dixit
902 2053 984 2119 lilios
1010 2052 1089 2119 Laui
1115 2043 1276 2120 oblaturos
1299 2052 1421 2118 hostias

289 2163 321 2227 iu
344 2161 481 2236 iustitia3
505 2180 565 2227 nou
589 2179 663 2244 ergo
686 2161 717 2225 in
741 2163 870 2244 peccato
899 2178 935 2225 ac
958 2179 1013 2245 per
1034 2160 1094 2226 hcc
1115 2179 1176 2225 uon
1199 2178 1254 2242 pro
1278 2163 1420 2241 peccato.

289 2266 378 2333 Unde
405 2265 546 2352 intellegi
568 2268 675 2351 potest
695 2266 727 2331 in
751 2286 786 2331 eo
811 2267 894 2350 quod
918 2270 1046 2331 secutus
1070 2264 1210 2331 adiunxit
1236 2266 1338 2346 adque
1361 2266 1420 2330 ait:

288 2373 335 2440 Ilt
356 2372 525 2457 placebit
548 2371 700 2437 Domino
725 2372 957 2438 sacrificium
979 2372 1095 2438 Iudae
1118 2375 1155 2437 et
1171 2371 1420 2445 Hierusalem,

290 2478 392 2545 sicut
414 2475 544 2544 diebus
566 2477 741 2561 pristinis
765 2480 803 2543 et
830 2478 931 2543 siout
953 2478 1058 2543 annis
1081 2477 1281 2560 prioribus,
1304 2478 1422 2543 frustm
1440 2492 1465 2533 ιο

290 2584 350 2649 sibi
374 2583 507 2652 ludaeos
531 2584 699 2650 secundum
724 2584 828 2668 legam
851 2585 969 2649 ueteris
992 2585 1173 2650 testamenti
1196 2582 1421 2649 sacrificiorum

290 2709 417 2755 suorum
435 2690 602 2773 praeterita
619 2694 762 2773 tempore
784 2690 934 2771 polliceri.
953 2688 1023 2755 Non
1042 2691 1125 2754 enim
1143 2693 1220 2756 tuuc
1237 2689 1268 2753 in
1285 2689 1420 2768 iustitia,

289 2795 346 2861 sed
371 2796 403 2861 iu
430 2796 569 2883 peccatis
592 2797 712 2863 hostias
741 2795 919 2875 offerebant,
947 2796 1071 2880 quando
1094 2815 1149 2879 pro
1172 2796 1309 2879 peccatis
1332 2814 1420 2879 prue-

289 2900 380 2985 cipue
412 2920 449 2968 ac
479 2901 625 2992 primitus
658 2894 837 2980 offerebant,
869 2922 970 2985 usque
1002 2901 1079 2968 adeo
1111 2905 1148 2967 ut
1174 2902 1319 2968 sacerdos
1340 2902 1420 2985 ipse,

290 3024 382 3090 quem
408 3004 557 3071 debemus
580 3005 691 3091 utique
714 3006 839 3072 credere
861 3007 973 3072 ceteris
996 3006 1095 3072 fuisse
1118 3006 1293 3086 iustiorem,
1311 3019 1464 3073 secun-1⁸

290 3111 366 3178 dum
390 3111 448 3180 Dei
470 3111 651 3179 mandatum
674 3113 791 3179 soleret
813 3132 868 3197 pro
892 3113 958 3179 suis
980 3114 1118 3197 primum
1141 3112 1249 3179 offerre
1270 3113 1420 3198 pcccatis,

289 3217 402 3285 deinde
438 3237 493 3302 pro
529 3219 646 3302 populi.
683 3215 880 3303 Quapropter
915 3238 1065 3303 exponere
1097 3238 1154 3285 nos
1186 3222 1320 3303 oportet,
1356 3239 1420 3303 quo

289 3323 382 3391 modo
411 3325 455 3418 sit
481 3323 697 3411 accipiendum
721 3326 804 3407 quod
828 3325 1036 3391 dictumest:
1067 3324 1174 3391 sient
1197 3324 1328 3392 diebus
1351 3325 1421 3409 pri·

290 3430 402 3497 stinis
435 3439 472 3496 et
503 3430 604 3497 sicut
631 3430 735 3495 annis
761 3430 962 3521 prioribus.
994 3431 1151 3497 Fortassis
1178 3433 1260 3497 enim
1292 3435 1420 3515 tempus

289 3535 370 3601 illud
401 3539 633 3604 commemorat.
666 3554 727 3618 quo
759 3522 853 3620 priini
884 3525 1025 3603 homines
1053 3537 1083 3601 iu
1111 3536 1255 3620 paradiso
1281 3536 1421 3604 fuerunt.
1438 3552 1465 3591 ²⁰

290 3641 376 3707 'lunc
399 3642 482 3708 anim
499 3642 574 3728 puri
596 3641 697 3723 adque
720 3639 834 3728 integri
857 3641 895 3707 ab
919 3642 1003 3709 omui
1030 3642 1122 3708 sorde
1144 3660 1180 3707 uc
1207 3642 1277 3706 labe
1299 3643 1421 3726 peccati

291 3766 325 3813 se
347 3747 434 3830 ipsos
457 3745 524 3811 Deo
547 3745 771 3812 mundissimas
793 3746 916 3813 hostias
939 3747 1119 3824 offerebant
1144 3751 1283 3813 ceterum
1303 3767 1339 3813 cr
1358 3767 1419 3831 quo

290 3853 476 3919 commissae
511 3850 783 3936 praeuaricationis
816 3871 912 3919 causo
947 3852 1018 3917 iude
1055 3852 1178 3919 dimissi
1214 3857 1288 3919 sunt
1319 3853 1420 3936 adque

291 3959 427 4025 humans
454 3957 486 4023 in
519 3959 564 4023 cis
595 3961 706 4024 natura
737 3957 883 4024 damnata
913 3962 971 4034 est,
1005 3964 1132 4042 excepto
1159 3978 1221 4026 uno
1248 3959 1420 4026 Mediatcre

291 4067 324 4129 ot
358 4066 431 4147 poet
465 4065 626 4129 lauacrum
661 4064 904 4148 regenerationis
937 4065 1113 4148 quibusque
1146 4066 1247 4132 adhuc
1278 4067 1420 4151 paruulis
1438 4079 1463 4119 ¹⁵

290 4188 394 4235 nemo
427 4169 584 4235 mundus
616 4188 634 4233 a
665 4169 782 4247 sorde,
815 4169 898 4236 sicut
925 4171 1077 4254 scriptum
1105 4174 1166 4249 est,
1197 4191 1261 4238 nec
1284 4172 1418 4250 infans,

292 4276 399 4340 cuius
420 4277 479 4340 est
499 4275 612 4341 unius
638 4274 710 4340 diei
730 4275 814 4343 uita
836 4294 947 4359 super
968 4280 1115 4344 terrem.
1140 4276 1230 4359 Quod
1248 4279 1276 4344 si
1294 4299 1420 4365 respou-

291 4380 383 4446 detur
409 4382 503 4446 etiarn
529 4400 583 4446 eos
611 4382 720 4446 merito
749 4380 811 4449 dici
838 4401 930 4466 posse
953 4383 1062 4449 offerre
1084 4385 1205 4449 hostias
1232 4385 1264 4449 in
1286 4386 1419 4464 iustitia,

292 4488 346 4571 qui
374 4486 508 4553 oderunt
529 4487 561 4552 in
583 4487 644 4553 fide
676 4486 814 4572 (iustus
847 4489 991 4554 animer
1021 4489 1097 4554 fide
1128 4490 1241 4568 uiuit;
1275 4492 1419 4573 quamuis

381 4728 413 4783 lc
431 4725 519 4784 locuit.
540 4728 628 4794 16‚c;
648 4728 728 4783 chr.
748 4729 772 4793 7,
791 4730 825 4783 27
879 4731 913 4784 26
931 4730 978 4785 Iob
999 4731 1040 4798 14,
1059 4733 1076 4785 4
1129 4732 1164 4786 29
1180 4731 1257 4786 Rom.
1279 4733 1302 4796 l,
1323 4734 1354 4787 17

329 4870 395 4924 'lac
413 4884 459 4938 per
477 4867 529 4923 hoc
548 4872 600 4924 lucu
619 4887 665 4941 pro
684 4874 794 4941 peccato
814 4888 865 4925 om.
879 4887 902 4940 p
990 4873 1052 4928 Sin
1071 4872 1158 4927 cnud
1237 4875 1331 4943 utique
1349 4875 1419 4929 aito

292 4956 374 5026 9Et]
395 4957 454 5025 eig
523 4956 623 5012 ludeo
713 4960 745 5013 16
764 4961 877 5028 prinmnn
897 4978 942 5029 pro
962 4961 1050 5014 suisc
1120 4962 1228 5030 pricsb
1312 4963 1417 5032 20quo

293 5046 405 5114 primum
421 5061 453 5114 g;
472 5045 516 5113 qui
535 5045 655 5114 primob
716 5047 747 5100 ‘21
770 5049 838 5117 puri]
858 5050 983 5117 putarib
1043 5050 1076 5103 25
1095 5050 1212 5118 paruulis
1228 5068 1247 5120 g
1308 5053 1342 5106 27
1361 5052 1419 5106 uite

293 5132 369 5185 unius
389 5129 476 5186 dicio
529 5135 562 5187 29
582 5134 675 5204 quiae
745 5136 820 5189 uiuet
837 5153 851 5189 s
