3217 6325
279 1316 342 1380 460
617 1315 643 1369 ὃ.
672 1313 828 1369 Aurelii
853 1313 1066 1385 Augustini

278 1509 391 1573 dotes
416 1508 486 1572 Dei
506 1513 543 1571 et
562 1508 720 1574 Christi
738 1508 965 1591 regnabunt
982 1527 1068 1574 cum
1086 1527 1129 1573 eo
1147 1508 1259 1573 mille
1279 1508 1404 1583 anuis,

278 1619 422 1679 etcum
446 1614 560 1678 liniti
584 1614 738 1679 fuerint
761 1613 874 1679 mille
902 1615 1002 1692 anni,
1027 1614 1214 1680 soluetur
1240 1619 1405 1679 satanas

278 1721 322 1786 de
355 1721 542 1786 custodia
570 1740 648 1792 sua.
680 1724 821 1785 autnon
848 1721 937 1805 regni
963 1721 1057 1786 huius
1081 1724 1260 1786 sanctorum
1282 1720 1405 1785 intelle·

276 1846 387 1911 gemus
411 1845 507 1892 annos
529 1827 616 1891 mille
638 1824 729 1903 finiri,
752 1825 808 1892 sed
831 1827 948 1892 uinculi
971 1827 1089 1893 diaboli
1110 1826 1210 1909 adque
1229 1825 1403 1904 custodiae,

277 1936 314 1996 ut
336 1951 430 1997 annos
452 1932 551 2007 mille,
574 1932 605 1995 id
629 1936 679 1997 est
697 1951 793 1997 anuos
812 1950 919 1998 omnes
938 1952 1023 2009 suos,
1042 1951 1182 2017 quaeque
1201 1952 1272 2016 pars
1290 1931 1406 1996 babeat
1432 1958 1446 1996 s

277 2038 409 2103 diuersis
428 2057 462 2102 ac
481 2039 613 2124 propriis
631 2038 863 2123 prolixitatibus
880 2038 1042 2121 finiendos,
1061 2039 1209 2123 ampliora
1225 2042 1403 2103 sauctorum

276 2163 381 2230 reguo,
417 2144 558 2210 breuiore
590 2144 705 2210 diaboli
737 2145 879 2219 uinculo;
917 2149 973 2209 aut
1003 2149 1096 2221 certe,
1129 2145 1274 2228 quoniam
1306 2143 1404 2207 trium

277 2268 427 2314 annorum
455 2254 487 2315 et
513 2268 566 2314 sex
588 2268 732 2314 mensum
755 2249 977 2314 breuIssimum
1000 2248 1137 2331 spatium
1160 2251 1219 2327 eet,
1242 2249 1404 2331 conputari

276 2355 415 2421 noluisse
448 2355 600 2432 credatur,
631 2355 699 2419 siue
732 2353 815 2436 quod
843 2354 946 2418 minus
974 2357 1099 2419 satanae
1126 2354 1300 2431 uinculum,
1332 2355 1402 2420 siue

276 2461 360 2544 quod
395 2460 530 2544 amplius
566 2460 692 2526 uidetur
721 2479 851 2545 rognum
883 2460 996 2524 babere
1027 2464 1217 2539 sauctorum,
1249 2461 1333 2526 sicut
1364 2461 1401 2526 de
1420 2488 1447 2528 ro

276 2567 510 2650 quadringentis
541 2566 628 2631 anuis
660 2567 691 2630 in
723 2569 810 2632 sento
842 2566 963 2631 decimo
990 2566 1084 2631 buius
1113 2568 1214 2650 operis
1242 2567 1401 2633 uolumina

276 2672 451 2755 disputaui;
479 2673 623 2755 quoniam
647 2672 718 2755 plus
740 2671 859 2755 aliquid
882 2678 977 2748 erant,
1005 2676 1161 2739 ettamen
1185 2673 1399 2757 quadringenti

276 2783 352 2845 sunt
377 2779 561 2861 nuncupati;
590 2783 622 2843 et
647 2779 724 2844 talia
750 2797 843 2861 saepe
870 2779 1066 2860 reperiuntur
1091 2779 1123 2844 in
1150 2778 1266 2845 litteris
1293 2779 1399 2855 sacris,

277 2886 397 2968 siquis
421 2884 571 2950 aduertat.
666 2972 667 2975 Ἴ

709 3075 846 3142 CAPUT
868 3076 970 3142 XIIII.
1416 3104 1443 3145 rs

276 3216 329 3281 De
356 3215 610 3281 damnatione
637 3214 790 3281 diaboli
818 3234 902 3280 cum
929 3216 1015 3283 auis
1043 3219 1081 3282 et
1108 3235 1175 3301 per
1202 3217 1400 3300 recapitu-

275 3323 470 3388 lationem
499 3322 543 3386 de
571 3322 873 3388 resurrectione
902 3341 1092 3407 corporea
1114 3324 1283 3389 omnium
1307 3342 1400 3389 mor·

342 3432 499 3493 tuorum
527 3430 566 3493 ot
593 3428 637 3493 de
660 3426 814 3493 iudicio
837 3428 1005 3493 ultimae
1032 3425 1332 3494 retributionis.

319 3567 397 3634 Post
423 3568 500 3633 bano
524 3572 630 3633 autem
653 3569 976 3633 commemorationem
1000 3569 1189 3634 nouissimae
1211 3570 1399 3654 persecutio-

276 3675 323 3741 nis
359 3674 498 3739 breuiter
532 3673 740 3756 conplectitur
775 3677 889 3750 totum,
928 3675 1011 3758 quod
1047 3675 1159 3741 ultimo
1192 3677 1252 3739 iam
1283 3675 1399 3741 iudicio
1416 3699 1444 3738 so

275 3779 419 3845 diabolus
439 3783 471 3844 et
488 3798 560 3844 oum
579 3798 636 3844 suo
656 3779 793 3864 principe
812 3780 924 3845 oluitas
943 3780 1069 3844 inimica
1086 3800 1217 3864 passura
1234 3782 1292 3845 est.
1315 3780 1401 3846 Dicit

275 3887 374 3952 enim:
407 3886 454 3950 Et
486 3883 683 3961 diabolus,
718 3885 784 3967 qui
817 3884 1033 3950 seducebat
1061 3904 1138 3963 eos,
1167 3885 1314 3950 mlesus
1338 3888 1399 3950 est

275 3994 312 4056 in
345 3995 529 4076 stagnum
560 3992 666 4075 ignis
699 3995 737 4055 et
769 3991 991 4074 sulphuris,
1022 4010 1095 4074 quo
1128 3995 1167 4055 et
1197 3990 1330 4056 bestia
1361 3996 1398 4055 et

276 4098 644 4181 pseudopropheta;
677 4103 715 4162 et
746 4097 1036 4162 cruciabuntur
1068 4096 1131 4161 dle
1159 4116 1200 4161 ao
1223 4101 1337 4162 nocte
1361 4097 1397 4161 in

276 4203 438 4269 saecula
460 4203 723 4268 saeculorum.
747 4203 886 4267 bestiam
909 4203 987 4267 bene
1005 4202 1145 4287 intellegi
1163 4202 1263 4284 ipsam
1281 4201 1395 4285 inpiam
1414 4227 1442 4267 ss

276 4309 436 4375 ciuitatem
460 4328 555 4391 supra
577 4308 721 4374 diximus.
750 4307 1028 4391 Pseudopropheta
1050 4327 1124 4373 uero
1147 4307 1214 4372 eius
1238 4311 1292 4371 aut
1313 4309 1398 4370 Anti·

277 4415 413 4480 cbristus
445 4420 494 4479 est
525 4417 580 4480 aut
609 4414 713 4498 imago
745 4414 810 4489 illa,
841 4412 874 4477 id
901 4417 950 4477 est
977 4413 1172 4497 figmentum,
1203 4413 1240 4478 de
1267 4430 1328 4495 quo
1355 4412 1399 4476 ibi

276 4522 374 4586 locuti
400 4540 519 4586 sumus.
551 4521 629 4586 Post
654 4520 729 4584 haec
756 4520 861 4601 ipsum
889 4519 1096 4584 nouissImum
1123 4519 1285 4596 iudicium,
1317 4517 1398 4601 quod

366 4709 395 4762 ll
416 4707 452 4764 11.
471 4726 496 4778 p.
517 4709 576 4769 168,
594 4710 628 4763 30
682 4710 715 4764 22
733 4710 817 4780 Apoc.
836 4711 878 4772 20,
898 4712 914 4763 9
933 4727 972 4779 sq.

314 4835 405 4887 lcum
424 4833 505 4886 illoc
576 4833 690 4887 dhuius
708 4849 792 4903 om.p
863 4834 1069 4888 luineulumb
1141 4834 1266 4886 {somnes
1285 4848 1402 4900 annoep

276 4922 432 4975 8mensum
451 4937 479 4984 c‚·
494 4937 634 4975 mensuum
654 4921 719 4991 p¹o,·
737 4923 866 4976 mensium
887 4923 982 4990 obpp
1027 4923 1058 4975 13
1077 4922 1164 4989 aliap
1207 4921 1239 4973 21
1260 4920 1401 4973 ciuitateb

277 5009 311 5062 23
329 5007 445 5078 sulpuris
465 5022 501 5078 sp
600 5014 628 5064 et
645 5008 734 5064 bestia
751 5009 844 5075 eodd.;
862 5016 890 5063 et
907 5026 957 5064 om.
975 5027 992 5064 o
1080 5011 1114 5063 24
1133 5007 1364 5078 pseudoprophete
1384 5025 1403 5060 o

277 5098 311 5153 25
335 5097 403 5151 bene
426 5096 540 5151 bestiam
560 5115 579 5151 a
683 5099 807 5168 intellige
828 5100 914 5168 ipsam
937 5099 999 5167 imp.
1024 5099 1160 5152 ciuitatem
1185 5113 1264 5166 quam
1286 5113 1366 5167 supra
1384 5113 1403 5149 c

276 5187 310 5241 26
329 5202 409 5257 supra
427 5185 480 5239 ism
500 5184 612 5240 diximus
630 5203 646 5240 u
716 5186 822 5241 Pseudo
842 5203 904 5241 uero
924 5186 1087 5256 prophetas
