3217 6325
226 1296 289 1359 248
561 1296 586 1348 S.
615 1296 768 1349 Aurelii
796 1297 1008 1365 Augustini

227 1506 292 1569 ego
328 1506 437 1568 opera
473 1507 550 1551 mea
585 1489 674 1571 regi.
711 1490 855 1574 Lingua
889 1509 968 1553 mea
1004 1492 1169 1555 calamna
1201 1492 1353 1557 scribae

226 1592 411 1657 uelociter
429 1593 639 1658 scribentis.
659 1592 861 1675 Speciosus
880 1595 996 1659 forma
1016 1615 1102 1677 prae
1119 1596 1218 1660 filiis
1237 1597 1352 1660 bomi-

227 1716 323 1773 num;
347 1697 488 1762 diflusa
510 1703 568 1764 est
591 1700 712 1782 gratia
733 1701 768 1764 iu
786 1701 901 1764 labiis
920 1700 1007 1777 tuis,
1030 1706 1227 1784 propterea
1244 1703 1353 1767 bene·

226 1802 322 1866 dixit
361 1806 396 1867 to
432 1804 531 1869 Deus
571 1805 606 1868 in
643 1809 842 1870 aeternum.
879 1807 1083 1889 Accingere
1118 1807 1246 1889 gladio
1283 1811 1350 1872 tuo

224 1909 475 1984 circatorum,
499 1911 761 1991 potentissimo
784 1912 907 1994 specie
931 1916 994 1975 tua
1013 1912 1350 1994 etpulebritudine
1382 1935 1397 1976 a

226 2018 299 2086 tua,
328 2018 363 2077 et
390 2015 539 2079 intende
563 2019 598 2080 et
620 2035 796 2099 prospere
823 2017 979 2098 procede
1003 2022 1038 2082 et
1060 2036 1174 2100 regna
1196 2024 1349 2102 propter

226 2120 425 2185 ueritatem
448 2126 485 2186 et
506 2121 828 2186 mansuetudinem
852 2125 888 2186 et
909 2122 1105 2197 iustitiam,
1129 2129 1166 2186 et
1187 2122 1349 2188 deducet

226 2228 262 2288 te
302 2226 528 2291 mirabiliter
567 2227 716 2292 dextera
756 2232 829 2291 tua.
872 2225 1041 2311 Sagittae
1080 2231 1167 2292 tuae
1202 2233 1346 2305 acutae,

225 2332 510 2413 potentissimae
537 2332 679 2415 (populi
708 2333 773 2397 sub
801 2335 836 2396 te
865 2332 1009 2410 cadent)
1036 2333 1072 2396 in
1095 2332 1206 2398 corda
1227 2334 1347 2398 inimi·

226 2455 349 2501 corum
372 2438 480 2520 regis.
504 2438 617 2503 Sedes
640 2442 715 2513 tua,
739 2438 848 2513 Deus,
871 2438 905 2501 in
930 2438 1078 2502 saecula
1100 2439 1348 2517 saeculorum,
1368 2462 1396 2500 re

225 2541 333 2625 uirga
356 2542 577 2608 directionis
601 2546 706 2627 uirga
732 2544 836 2626 regni
862 2543 918 2606 tui
949 2543 1125 2608 Dilexisti
1152 2543 1348 2609 iustitiam

225 2651 262 2710 et
279 2647 362 2712 odio
381 2649 546 2714 habuisti
566 2649 820 2730 iniquitatem
844 2652 1038 2731 propterea
1054 2649 1160 2712 unxit
1177 2653 1215 2713 te
1234 2649 1347 2727 Deus,

225 2752 323 2817 Deus
355 2759 443 2819 tuus
475 2754 555 2819 oleo
585 2754 834 2819 exultationis
865 2772 949 2836 prae
976 2754 1228 2837 participibus
1256 2756 1348 2819 tuis.

225 2857 375 2941 Myrrha
402 2864 437 2924 et
463 2864 572 2943 gutta
595 2865 632 2925 et
653 2860 754 2925 casia
781 2880 800 2924 a
822 2860 1058 2924 uestimentis
1081 2860 1169 2936 tuis,
1192 2879 1212 2923 a
1234 2861 1348 2925 domi·

223 2964 291 3029 bus
311 2966 499 3043 eburneis;
519 2987 558 3032 er
578 2967 713 3049 quibus
732 2971 768 3030 te
786 2966 1073 3030 delectaueruut
1089 2966 1197 3030 filiae
1214 2986 1347 3051 regum
1367 2990 1393 3029 ιι

223 3070 259 3134 in
287 3074 422 3136 honore
449 3077 522 3138 tuo.
553 3071 632 3151 Quis
658 3091 718 3136 non
741 3072 792 3136 hic
816 3071 985 3148 Christum,
1013 3090 1105 3152 quem
1126 3071 1347 3153 praedicamus

224 3182 255 3242 et
285 3179 315 3241 in
349 3198 442 3259 quem
473 3179 638 3256 credimus,
671 3178 843 3260 quamlibet
873 3177 1053 3253 siccardus,
1081 3182 1243 3260 agnoscat,
1271 3197 1348 3243 cunr·

223 3281 330 3347 audiat
364 3283 476 3361 Deum,
514 3285 603 3348 cuius
640 3285 730 3348 sedes
767 3286 816 3348 est
850 3283 881 3346 in
918 3283 1041 3346 saecula
1072 3282 1280 3359 saeculorum,
1314 3287 1348 3346 et

223 3391 355 3453 unctum
387 3408 405 3453 a
432 3388 509 3468 Deo,
540 3389 648 3472 utique
677 3389 760 3453 siout
786 3388 901 3471 unguit
921 3387 1016 3463 Deus,
1048 3405 1108 3450 non
1135 3387 1267 3463 uisibili‚
1291 3388 1349 3452 sed

224 3494 358 3576 spiritali
381 3495 481 3576 adque
507 3494 705 3579 intellegibili
732 3494 919 3558 chrismate?
952 3489 1029 3569 Quis
1056 3491 1139 3555 enim
1165 3495 1231 3556 tum
1258 3492 1347 3557 rudis
1364 3517 1393 3558 ao

224 3604 272 3665 est
302 3600 332 3665 in
365 3601 422 3666 hac
454 3601 602 3684 religione
634 3600 685 3664 uel
716 3603 780 3663 tam
810 3598 922 3663 surdus
955 3597 1104 3660 aduersus
1132 3597 1201 3661 eius
1229 3597 1348 3662 famam

223 3706 314 3789 longe
342 3707 465 3789 lateque
489 3706 644 3782 diffusam,
673 3709 707 3768 ut
731 3702 891 3768 Christum
913 3721 931 3765 a
953 3702 1129 3779 chrismate,
1152 3701 1212 3766 boc
1235 3706 1286 3766 est
1308 3703 1347 3766 ab

224 3811 368 3876 unctione
400 3811 591 3895 appellatum
623 3828 690 3874 esse
723 3828 782 3872 non
814 3808 955 3871 nouerit?
987 3807 1100 3890 Agniio
1133 3811 1239 3871 sutem
1271 3827 1347 3892 rege

223 3917 357 3995 Christo,
385 3917 446 3982 iam
473 3920 585 3994 ecura,
616 3934 693 3996 quae
720 3915 772 3978 hic
798 3913 916 3995 tropice
943 3911 1026 3976 dicta
1053 3915 1136 3988 sunt,
1165 3913 1346 3995 quomodo

223 4024 266 4090 eit
288 4023 449 4108 speciosus
473 4023 572 4087 lorma
594 4040 666 4104 prae
688 4020 761 4084 filiis
785 4019 955 4094 hominum,
978 4016 1109 4099 quadam
1131 4020 1219 4083 tanto
1242 4020 1346 4103 magis
1363 4043 1390 4083 es

261 4288 272 4342 l
295 4302 344 4353 ego
363 4300 413 4339 om.
433 4299 447 4338 e
518 4278 830 4346 calamus..aoribentia]
849 4277 964 4330 calamus
982 4279 1010 4328 et
1027 4274 1112 4343 rlq..b
1171 4276 1243 4329 2-4
1260 4275 1346 4329 fornia

222 4380 251 4429 ct
268 4374 342 4443 telo..
357 4371 462 4427 ombria
475 4370 565 4424 uerbis
577 4384 660 4437 usque
672 4367 710 4420 od
724 4374 858 4421 aeternum
875 4365 891 4416 1.
907 4367 932 4424 4,
947 4365 962 4415 b
1013 4361 1134 4429 igladio
1152 4365 1199 4415 tto
1219 4363 1346 4445 ⁰¹9Pt³¹3

223 4462 340 4530 gladium
359 4467 435 4513 tuum
456 4456 559 4512 a²beo
577 4455 674 4510 Domb.
738 4457 753 4508 5
772 4453 887 4521 speciem
905 4454 978 4503 tcaru
997 4455 1024 4502 et
1042 4449 1092 4517 rlq.
1111 4450 1216 4503 ominis
1232 4467 1345 4537 uque„-

223 4551 295 4603 tibur
311 4564 395 4617 eaeque
413 4546 452 4600 ad
468 4562 551 4615 regna
564 4546 581 4598 1.
599 4543 654 4601 db
691 4544 706 4594 6
726 4546 753 4594 et
771 4538 879 4593 intende
898 4539 1003 4606 o¹ppp
1021 4536 1131 4600 Domb.‚·
1149 4540 1178 4588 et
1194 4553 1246 4590 oea.
1266 4536 1345 4593 a²ee

223 4638 251 4689 et
268 4652 391 4706 prospere
411 4651 480 4704 app
493 4649 523 4700 α,·
541 4636 569 4686 et
586 4649 636 4686 om.
655 4646 692 4683 eo
710 4628 807 4683 Donrb.
891 4630 918 4679 et
935 4623 1046 4694 procede
1065 4640 1083 4675 a
1166 4628 1254 4693 propt
1273 4627 1345 4678 ueri.

223 4725 305 4777 tetam
325 4727 353 4777 et
370 4724 420 4792 rlq.
441 4739 491 4776 om.
503 4738 560 4790 app.
574 4736 657 4788 usque
672 4717 710 4770 ad
723 4716 831 4770 dextera
844 4719 892 4766 tua
906 4715 922 4768 1.
934 4712 986 4773 ab
1022 4713 1037 4764 9
1055 4712 1257 4779 potentissimae
1271 4729 1347 4782 epra·

224 4810 407 4878 pertentlenhne
432 4810 475 4864 ob
482 4826 503 4878 p
514 4827 527 4879 ρ
538 4828 555 4860 α
563 4807 595 4878 f¹
619 4806 716 4861 Domb.
840 4801 918 4856 corda
931 4817 976 4869 pp
998 4798 1108 4864 Donb.,·
1129 4798 1208 4850 corde
1227 4800 1270 4853 ab
1281 4816 1351 4870 epe·

226 4893 408 4952 coronulam
428 4899 527 4951 rusculi
547 4916 564 4948 α
616 4895 751 4950 saeculum
770 4896 797 4945 et
815 4891 856 4959 rlq
875 4906 925 4942 our.
943 4903 996 4955 sqq.
1014 4903 1096 4954 aeque
1114 4885 1152 4938 od
1167 4888 1210 4939 tui
1228 4888 1246 4940 l.
1266 4892 1307 4950 11,
1326 4889 1343 4940 b

227 4983 254 5037 11
276 4982 438 5054 directionis]
459 4985 603 5054 naucitatis
623 5001 639 5033 α
695 4982 726 5036 12
745 4979 826 5034 odisti
842 4976 950 5036 chef,
1006 4973 1086 5026 odisti
1104 4976 1132 5025 et
1149 4972 1201 5042 rlq.
1221 4991 1271 5028 on.
1285 4992 1342 5044 sqq,

222 5073 470 5141 mpuendpartlc.
491 5073 589 5129 turno
663 5072 694 5125 13
713 5069 800 5123 oleurn
820 5084 837 5116 α
923 5062 1066 5134 particibus
1085 5058 1133 5127 e¹p
1209 5062 1243 5114 14
1262 5068 1344 5129 gutta

223 5160 251 5207 et
268 5156 318 5227 rto.
337 5176 386 5213 om.
404 5177 459 5228 epp.
478 5176 561 5228 usque
580 5159 618 5212 orl
635 5164 681 5211 tuo
701 5159 718 5210 l.
739 5160 780 5213 ld.
800 5154 816 5207 b
905 5151 989 5205 cassia
1006 5166 1019 5200 e
1025 5166 1043 5216 p
1113 5150 1144 5200 15
1163 5146 1260 5201 delect.
1279 5154 1310 5214 ie
1326 5167 1343 5202 o
