3217 6325
295 1243 360 1307 500
635 1240 662 1296 S.
688 1237 842 1295 Aurelii
867 1234 1080 1309 Augustini

295 1435 460 1511 discutere,
482 1437 519 1499 ut
538 1433 658 1517 aliquid
676 1433 786 1498 horum
805 1433 922 1498 ueritas
940 1432 1105 1497 manifesta
1122 1432 1292 1498 confirmet
1316 1433 1420 1500 Video

294 1543 408 1627 quippe
439 1542 572 1606 alterum
603 1559 742 1617 sensum,
773 1558 810 1605 ne
842 1539 908 1604 dica
939 1538 1087 1622 pristinos
1114 1542 1147 1604 et
1172 1558 1269 1605 annoa
1296 1540 1418 1623 priores

294 1649 462 1713 camaliam
489 1647 710 1712 sacrificiorum
733 1646 823 1712 nobis
846 1665 901 1729 pro
924 1664 1037 1731 magno
1060 1664 1186 1711 munero
1207 1665 1263 1729 per
1284 1647 1417 1731 propbe-

292 1758 357 1819 tam
379 1754 551 1838 promissos
573 1754 672 1827 fuisse
695 1751 868 1818 credamus.
896 1752 1028 1818 Hostiae
1049 1770 1182 1836 namque
1203 1752 1276 1818 iliae
1298 1754 1417 1819 noteris

291 1861 370 1944 legis
389 1862 420 1926 in
445 1860 620 1943 quibusque
642 1859 808 1943 pecoribus
831 1859 1038 1924 inmaculatus
1060 1876 1097 1923 ac
1119 1859 1185 1924 sine
1204 1859 1269 1924 ullo
1287 1878 1416 1942 prorsus
1447 1881 1460 1921 a

291 1969 369 2033 uitio
404 1967 592 2031 iubebantur
631 1965 744 2043 offarii,
785 1968 817 2030 ct
852 1964 1070 2050 significabant
1101 1964 1243 2031 homines
1278 1969 1415 2044 sanctos,

291 2076 392 2158 qualis
420 2075 506 2140 solus
532 2075 679 2139 iuuentus
706 2076 755 2139 cst
778 2073 931 2149 Christus,
955 2073 1021 2138 eine
1043 2072 1109 2137 ullo
1131 2072 1254 2137 omnino
1277 2078 1416 2156 peccato.

289 2181 420 2247 Proinde
443 2182 516 2264 quia
536 2184 610 2263 post·
630 2179 791 2257 indicinm,
815 2198 887 2245 cum
909 2179 1025 2243 fuerint
1044 2179 1139 2243 etiam
1166 2178 1237 2262 igue
1259 2178 1414 2255 mundati,

289 2287 343 2370 qui
379 2287 447 2352 eius
478 2285 564 2351 modi
594 2284 795 2351 mundatione
827 2287 902 2350 sunt
924 2283 1020 2369 digni,
1055 2284 1087 2347 in
1119 2284 1263 2349 omnibus
1295 2286 1413 2350 sanctis

288 2393 409 2458 nullum
436 2392 612 2457 inuenietur
639 2392 763 2457 omnino
785 2393 960 2473 peccatum,
988 2389 1088 2473 adque
1109 2390 1155 2454 ita
1173 2408 1206 2455 ae
1229 2390 1316 2474 ipsos
1340 2391 1414 2455 otfo-
1433 2415 1460 2453 ao

287 2502 356 2563 rent
381 2500 412 2563 in
440 2499 571 2572 iustitia,
600 2501 636 2562 ut
662 2499 742 2564 tales
770 2497 891 2563 hostiae
919 2497 1003 2561 omni
1029 2495 1122 2563 modo
1145 2496 1354 2561 inmaculatae
1377 2516 1413 2562 ac

287 2606 355 2670 sine
373 2605 439 2670 ullo
454 2604 532 2671 uitio
551 2605 616 2669 sint
631 2603 765 2680 futurae,
785 2605 875 2667 erunt
892 2602 1031 2684 proiecto
1050 2602 1134 2667 sicut
1145 2601 1285 2685 pristinis
1301 2601 1414 2668 diebus

287 2714 319 2776 et
346 2712 430 2778 sicut
456 2712 543 2776 annia
570 2710 735 2794 prioribus,
764 2710 886 2791 quando
914 2709 944 2773 in
967 2708 1078 2774 umbra
1099 2709 1193 2773 huius
1215 2708 1261 2773 rei
1287 2708 1413 2774 futurae

285 2818 510 2883 mundissimae
533 2816 739 2883 offerebantur
761 2815 893 2880 hostiae.
915 2815 1002 2880 Haec
1024 2816 1084 2880 erit
1104 2832 1237 2896 namque
1259 2814 1413 2880 munditia

285 2927 361 2988 tunc
381 2926 414 2988 iu
436 2924 592 2991 inmortali
616 2941 706 2988 carne
725 2941 760 2988 ac
779 2924 882 2987 mente
905 2926 1093 3000 sanctonum,
1117 2940 1194 3005 quae
1217 2921 1413 3007 figurabatur
1429 2940 1455 2981 aa

285 3031 316 3093 in
338 3029 464 3094 illarum
487 3028 667 3110 corporibus
690 3027 875 3092 hostiamm.

327 3135 446 3201 Deinde
472 3138 599 3218 propter
625 3152 689 3213 eos,
721 3134 776 3218 qui
803 3153 862 3200 uon
890 3133 1101 3214 mundatione,
1130 3131 1411 3201 sedamnationis

284 3246 359 3307 aunt
387 3242 484 3325 digni:
515 3242 559 3305 Et
586 3240 766 3317 accedam,
793 3241 907 3322 inquit.
935 3241 977 3305 ad
1004 3260 1071 3306 uos
1099 3241 1134 3305 in
1157 3240 1350 3321 iudicium,
1374 3249 1411 3308 et

283 3366 344 3414 ero
371 3347 484 3413 testis
512 3348 620 3412 uelox
648 3366 758 3429 super
783 3347 979 3413 maleficos
1007 3351 1043 3412 et
1065 3366 1176 3431 super
1203 3348 1408 3423 adulteros,

282 3459 315 3520 et
337 3457 448 3532 cetera,
472 3454 586 3536 quibus
605 3453 835 3518 damnabilibus
859 3455 1047 3519 enumeratis
1069 3454 1250 3520 criminibus
1273 3448 1408 3519 addidit:
1427 3475 1454 3516 ao

283 3558 463 3641 Quoniam
495 3579 561 3644 ego
594 3560 772 3626 Dominus
804 3560 904 3626 Deus
935 3563 1073 3640 uester,
1105 3563 1142 3624 et
1172 3580 1240 3627 non
1271 3550 1407 3638 mu'tor;

280 3670 440 3749 tamquam
468 3666 597 3731 diceret:
630 3664 718 3731 ‘Cum
746 3684 803 3730 uos
831 3667 1002 3732 mutauerit
1028 3669 1061 3732 et
1085 3667 1116 3730 in
1145 3667 1282 3733 deterius
1314 3671 1408 3754 culpa

280 3783 386 3836 uestra
409 3774 441 3837 et
462 3772 493 3836 in
517 3772 629 3837 melius
652 3771 752 3856 gratia
774 3791 852 3853 mea,
876 3791 934 3856 ego
957 3791 1017 3838 non
1040 3775 1166 3839 mutor?
1186 3773 1311 3839 Testem
1331 3794 1407 3840 uero

281 3896 314 3942 se
347 3877 425 3942 dicit
454 3877 605 3953 futurum,
638 3877 712 3959 quia
741 3877 773 3941 in
799 3877 916 3943 iudicio
944 3897 1001 3944 suo
1029 3898 1089 3943 non
1115 3879 1236 3962 indiget
1257 3880 1405 3959 testibus,

280 4001 414 4065 eumque
451 3984 602 4065 celocem,
639 3984 708 4048 siue
745 3983 818 4066 quia
852 3987 979 4065 repente
1015 3989 1167 4050 uenturus
1204 3990 1254 4050 est
1284 3987 1405 4070 eritque
1423 4002 1451 4043 2⁵

278 4087 430 4152 iudicium
458 4088 531 4172 ipso>
552 4088 711 4171 inopinato
739 4089 806 4153 eius
836 4088 972 4154 aduentu
1000 4090 1204 4155 celerrimum.
1233 4091 1317 4174 quod
1343 4097 1404 4157 tar-

279 4193 445 4259 dissimum
471 4194 647 4272 uidebatur,
676 4195 744 4259 siue
772 4195 846 4277 qnia
867 4197 952 4279 ipsas
976 4197 1141 4262 conuincet
1163 4198 1228 4264 sine
1251 4198 1318 4263 nlla
1341 4217 1403 4264 ser-

279 4300 379 4364 monis
415 4300 591 4383 prolixitate
627 4301 845 4366 conseiontim.
886 4303 925 4366 Iu
963 4303 1258 4386 cogitationibus
1296 4305 1402 4382 enim,

279 4406 361 4469 sicut
388 4406 538 4488 scripturn
566 4410 624 4484 est,
652 4407 746 4489 inpii
772 4407 1019 4492 interrogatio
1052 4410 1136 4485 erit;
1165 4415 1197 4474 et
1223 4411 1400 4492 apostolus:

279 4508 594 4594 cogitationibus,
626 4512 738 4594 inquit,
770 4514 1035 4580 accusantibus
1067 4515 1128 4579 uel
1159 4517 1270 4582 etiam
1298 4536 1399 4582 ercu-
1419 4539 1446 4579 ao

365 4768 399 4824 28
418 4769 480 4839 Sap.
501 4770 525 4834 1,
544 4770 560 4823 9
613 4770 648 4825 30
665 4770 739 4826 Rom.
758 4772 783 4834 2,
804 4772 836 4825 15
855 4789 894 4842 eq.

314 4909 326 4962 l
346 4909 490 4963 manifesta
508 4908 599 4980 bpp²,·
616 4910 772 4966 manifestat
790 4912 829 4983 p¹;
852 4914 1025 4968 manifestata
1043 4932 1161 4985 nepae
1266 4919 1282 4974 9
1305 4921 1368 4990 qnia
1386 4938 1400 4975 e

279 4998 311 5050 10
329 4998 477 5067 offeruntp
557 5000 587 5053 ll
600 5000 680 5104 domni
697 5000 776 5054 modo
795 5001 930 5056 hostiaec
1011 5005 1042 5058 13
1061 4989 1206 5076 bumbrap
1283 5009 1318 5061 22
1336 5009 1397 5063 inde

276 5115 381 5183 tersius,
398 5116 411 5166 t
428 5129 541 5183 eros.‚p
611 5115 756 5178 teteriuse
838 5117 872 5171 25
891 5118 994 5188 eritque
1012 5135 1096 5174 om
1177 5123 1210 5177 27
1230 5123 1399 5194 conuincitg
