3217 6325
267 1310 332 1375 474
608 1305 635 1360 S.
663 1304 819 1359 Aurelii
845 1301 1060 1373 Augustini

265 1500 359 1565 multi
390 1499 537 1564 baeretici
565 1499 603 1563 de
630 1498 732 1563 medio
760 1495 921 1572 eeclesiae,
954 1514 1033 1578 quos
1060 1495 1179 1561 multos
1207 1493 1284 1559 dicit
1309 1494 1401 1559 Anti·

266 1606 416 1671 christos:
445 1606 491 1669 ita
513 1624 620 1670 omnes
644 1609 719 1669 tuno
741 1603 814 1669 inde
836 1605 973 1681 exibunt,
1001 1602 1138 1686 quinon
1161 1601 1201 1667 ad
1224 1600 1399 1680 Christum,

266 1711 323 1777 sed
349 1712 389 1777 ad
414 1711 506 1777 illum
532 1711 742 1777 nouissimum
765 1710 995 1776 antichristum
1020 1708 1230 1793 pertinebunt,
1260 1711 1293 1772 et
1320 1710 1399 1774 tuno

264 1818 469 1883 reuolubitur.

309 1923 400 1989 Alius
423 1942 497 2006 ergo
521 1923 576 2001 sie,
600 1922 682 1988 alius
705 1926 812 1987 autem
835 1922 880 1987 sio
902 1922 1037 2005 apostoli
1056 1922 1190 1988 obsodra
1208 1921 1305 1986 uerba
1324 1940 1397 1987 oon·
1428 1941 1443 1981 a

264 2030 397 2105 iactant3
422 2028 506 2112 quod
527 2033 631 2094 tannen
656 2048 727 2093 eum
753 2028 868 2094 dixisse
891 2047 952 2094 non
970 2027 1102 2093 dubium
1121 2031 1186 2093 eat:
1209 2047 1270 2093 non
1288 2027 1398 2092 ueniet

265 2134 305 2199 ad
330 2135 423 2201 uiuos
452 2139 484 2199 et
510 2140 651 2200 mortuos
678 2134 863 2200 iudicandos
890 2134 1045 2212 Christus,
1074 2133 1135 2199 uisi
1161 2134 1249 2217 priua
1271 2134 1397 2198 uenerit

264 2240 304 2306 ad
322 2240 514 2306 seducendos
533 2242 563 2306 in
584 2241 688 2305 anima
704 2245 845 2306 mortuos
864 2241 1062 2305 aduersarius
1080 2240 1148 2305 eius
1162 2239 1395 2317 antichristum

264 2348 409 2430 quamuis
441 2346 481 2412 ad
508 2348 667 2423 occultum
694 2348 757 2412 iarn
784 2347 938 2413 iudicium
965 2346 1025 2411 Dei
1052 2347 1215 2431 pertineat,
1248 2345 1331 2428 quod
1356 2347 1395 2412 ab

263 2453 319 2518 illo
342 2444 541 2518 seducentur.
563 2454 801 2519 Praesentia
824 2454 938 2537 quippe
956 2454 1044 2519 eius
1063 2453 1151 2531 erit,
1170 2453 1255 2517 siout
1272 2451 1393 2517 dietum
1413 2472 1442 2513 ro

264 2563 323 2635 est
347 2559 562 2625 seeundum
580 2560 857 2642 operationem
876 2564 1040 2625 satanae
1058 2560 1096 2623 in
1116 2558 1217 2625 omni
1235 2559 1394 2624 uirtute

264 2668 305 2731 et
332 2665 465 2750 signis
489 2669 528 2730 et
549 2665 750 2750 prodigiis
778 2665 976 2731 mondaoii
1004 2668 1043 2731 et
1069 2665 1108 2729 in
1131 2665 1235 2729 omni
1258 2664 1395 2731 seduc‘·

264 2772 378 2836 tione
410 2771 650 2854 iniquitatis
687 2772 760 2850 bis,
796 2772 864 2854 qui
890 2776 1070 2856 pereunt.
1102 2772 1190 2837 Tune
1217 2772 1299 2835 enim
1331 2772 1393 2836 sol·

263 2879 357 2941 uetur
378 2880 502 2943 aatanm
526 2882 558 2943 et
579 2878 745 2961 perillum
767 2878 997 2944 Antichristum
1023 2879 1056 2943 in
1083 2878 1168 2944 omni
1194 2896 1253 2943 aua
1273 2878 1392 2943 uirtute

262 2984 448 3049 mirabiliter
484 2983 620 3067 quidem,
659 2984 714 3050 sed
746 2984 938 3056 mendaciter
968 2986 1155 3068 operabitur.
1191 2983 1278 3064 Quae
1310 2984 1393 3049 solet
1410 3000 1438 3041 1⁸

263 3090 381 3174 ambigi
402 3094 510 3155 utrum
531 3093 696 3174 propterea
717 3092 803 3155 diota
825 3091 889 3157 sint
910 3092 1001 3177 signa
1018 3094 1050 3157 et
1067 3091 1208 3178 prodigia
1226 3090 1392 3171 mendacii,

264 3198 409 3280 quoniam
436 3199 584 3262 mortales
607 3216 719 3263 sensus
742 3218 797 3280 per
819 3199 1039 3280 phantasmata
1061 3199 1249 3284 decepturus
1273 3202 1331 3276 eat,
1355 3201 1392 3273 nt

263 3303 348 3387 quod
378 3323 437 3368 non
470 3304 546 3370 facit
576 3305 676 3370 faeere
708 3305 862 3384 uideatur,
894 3324 933 3370 an
965 3306 1038 3389 quia
1068 3306 1124 3370 illa
1154 3306 1234 3389 ipsa⁴
1265 3305 1391 3370 etiamsi

263 3413 354 3475 erunt
375 3429 451 3475 uera
471 3411 624 3495 prodigia,
651 3411 690 3475 ad
715 3412 910 3476 mendacium
932 3413 1112 3496 pertrabant
1133 3412 1307 3477 credituros
1330 3430 1391 3476 non

262 3534 301 3579 ea
329 3517 472 3599 potuisse
498 3517 560 3582 uisi
586 3515 738 3582 diuinitus
765 3517 842 3597 fieri,
873 3519 1025 3583 uirtutem
1053 3518 1169 3584 diaboli
1204 3519 1392 3595 nescientes,
1410 3534 1438 3575 υ

262 3622 395 3693 maxime
423 3623 544 3705 quando
567 3625 696 3699 tantam
725 3631 872 3706 quantam
895 3643 1066 3708 numquam
1088 3624 1209 3702 babuit,
1237 3625 1393 3708 acceperit

262 3732 461 3811 potestatem.
490 3728 558 3794 Non
587 3730 667 3794 enim
697 3730 820 3812 quando
848 3731 886 3796 de
913 3731 999 3796 eaelo
1028 3731 1112 3816 ignis
1135 3730 1250 3796 aedidit
1272 3736 1304 3796 et
1325 3738 1392 3795 tau-

262 3838 327 3900 tam
357 3835 509 3900 familiam
542 3854 613 3901 oum
645 3836 741 3901 tantis
769 3837 919 3922 gregibus
946 3856 1094 3921 pecorum
1122 3838 1222 3903 saneti
1245 3838 1301 3903 Iob
1328 3857 1391 3903 nno

261 3941 371 4025 inpetu
403 3942 560 4007 absumsit
590 3945 622 4007 et
651 3943 744 4007 turbo
774 3943 902 4008 inruens
930 3947 963 4009 et
988 3942 1118 4008 domum
1145 3943 1282 4009 deiciens
1308 3943 1390 4009 filios

264 4048 331 4112 eius
359 4048 485 4120 oooidit.
507 4047 727 4132 phantasmata
749 4049 891 4125 fuerunt;
920 4069 999 4132 quae
1022 4055 1126 4115 tamen
1149 4051 1277 4116 fuerunt
1299 4068 1391 4134 opera
1408 4064 1436 4108 aa

264 4157 400 4232 satanae,
437 4156 488 4219 oui
523 4154 609 4219 Deus
646 4154 773 4220 dederat
802 4156 882 4220 bano
918 4159 1118 4239 potestatem.
1153 4156 1286 4239 Propter
1315 4156 1391 4240 quid

263 4260 374 4324 borum
397 4279 471 4344 ergo
495 4259 578 4326 dicta
600 4261 664 4325 sint
685 4261 829 4346 prodigia
851 4265 883 4326 et
901 4263 993 4346 signa
1009 4262 1172 4341 mandauit
1190 4266 1266 4328 tuno
1283 4263 1390 4346 potius

263 4367 434 4449 apparebit.
462 4365 523 4431 Sed
550 4372 676 4449 propter
698 4368 861 4451 quodlibet
886 4370 997 4434 borum
1025 4369 1143 4435 dietum
1168 4369 1219 4446 sit,
1243 4369 1391 4435 seducen-

263 4474 315 4536 tur
346 4472 393 4537 eia
420 4472 519 4558 signia
547 4472 646 4556 adque
673 4475 835 4559 prodigiis.
868 4476 921 4558 qui
944 4476 1053 4542 seduci
1078 4476 1290 4551 merebuntur,
1322 4495 1390 4549 pro

264 4597 306 4643 eo
336 4579 441 4660 quod
467 4578 739 4656 dilectionem,
772 4583 884 4663 inquit,
917 4583 1109 4647 ueritatis
1138 4601 1211 4647 non
1235 4594 1433 4665 recepe-³⁰

263 4690 365 4763 runt,
399 4689 441 4750 ut
471 4685 576 4750 salui
609 4687 766 4752 fierent.
799 4688 865 4752 Neo
898 4688 1056 4753 dubitauit
1083 4689 1246 4771 apostolus
1279 4688 1391 4753 addere

301 4893 311 4945 i
334 4893 427 4946 aretini
443 4911 461 4963 9
527 4897 543 4948 5
561 4911 625 4948 uero
644 4912 663 4948 n
734 4897 887 4950 coniectant
904 4895 1039 4966 ubuum·
1056 4897 1192 4952 coniectat
1210 4914 1273 4968 epp
1292 4897 1389 4950 Dorab.

263 5006 356 5062 aaron
374 5009 459 5062 aaa
515 5010 547 5063 ra
566 4976 740 5070 ricarde
820 5012 917 5065 sunto
988 5013 1023 5066 ao
1041 5028 1073 5066 ea
1091 5013 1177 5067 aaa
1254 5011 1392 5080 areauna

264 5097 296 5150 21
316 5113 430 5166 nequam
451 5099 466 5152 b
510 5099 545 5154 26
564 5099 634 5168 quod
646 5098 703 5170 9²1)
752 5102 784 5154 27
804 5100 897 5154 horum
915 5117 999 5169 arque
1014 5102 1053 5154 od
1071 5101 1169 5156 dictum
1185 5104 1221 5156 sit
1236 5104 1252 5157 l.
1269 5104 1308 5156 28
1321 5118 1390 5157 corr.

263 5201 349 5238 arona
368 5186 399 5239 ἐκ
417 5203 501 5256 maru.
518 5204 536 5256 9
589 5188 764 5242 seueritatis
783 5188 904 5259 inquito
