3217 6325
277 1317 342 1381 856
621 1310 647 1365 S.
674 1310 828 1365 Aurelii
855 1310 1072 1378 Augustini

277 1507 397 1582 multis,
425 1507 461 1569 ut
487 1507 713 1585 torquerentur,
741 1501 941 1584 adprehensis
969 1522 1024 1585 per
1050 1506 1152 1567 toturn
1175 1502 1257 1566 diem
1281 1502 1403 1585 prImus

278 1615 328 1684 est
357 1615 469 1687 tortus,
505 1610 587 1672 inter
617 1608 750 1691 ungulas
781 1608 1000 1690 cruciatusque
1031 1608 1193 1690 psallentis
1224 1608 1402 1673 libertatem

277 1717 376 1804 adque
403 1715 592 1780 hilaritatem
621 1714 750 1778 miratus
777 1714 952 1779 horruisset
979 1714 1069 1778 etin
1096 1714 1208 1778 ceteris
1231 1713 1403 1778 deformius

278 1822 458 1887 erubescere
480 1819 650 1885 timuisset.
673 1820 837 1883 Postremo
859 1823 967 1884 nostra
985 1820 1135 1884 memoria
1151 1819 1277 1897 Valens,
1296 1838 1405 1900 supra·

278 1927 355 1993 dicti
381 1924 591 1990 Valentiniani
617 1925 721 2005 irater,
748 1924 892 2002 Amanus,
919 1942 1020 1990 nonne
1047 1935 1159 2008 magna
1186 1924 1405 2008 persecutione
1434 1944 1448 1984 s

276 2052 332 2117 per
358 2029 493 2096 Orientis
520 2034 622 2113 partes
651 2031 837 2096 catholicam
861 2032 1001 2096 uastauit
1019 2032 1204 2096 ecclesiam?
1234 2028 1407 2111 Quale-ost

278 2141 394 2216 autem,
421 2155 482 2202 non
508 2136 701 2201 considerare
725 2136 894 2203 ecclesiam
913 2155 969 2219 per
996 2140 1100 2201 totum
1122 2136 1274 2201 mundum
1295 2136 1406 2200 fructi-

277 2244 422 2309 ficantem
444 2242 545 2325 adque
567 2245 758 2307 crescentem
780 2261 874 2325 posse
896 2242 928 2307 in
952 2242 1110 2325 aliquibus
1134 2242 1281 2327 gentibus
1303 2261 1408 2325 perse.

278 2350 436 2414 cntionem
468 2347 532 2431 pati
564 2363 583 2411 a
613 2347 752 2431 regibus,
784 2353 817 2413 et
848 2348 970 2431 quando
1006 2348 1038 2413 in
1069 2348 1139 2413 aliis
1171 2368 1232 2412 non
1267 2348 1408 2431 patitur?

278 2452 349 2518 Nisi
375 2453 456 2517 forts
478 2471 538 2517 non
561 2456 612 2517 est
632 2457 810 2535 persecutio
834 2454 1040 2535 conputandu,
1068 2453 1191 2536 quando
1215 2473 1265 2517 rer
1288 2452 1453 2517 Gotho-10

278 2578 348 2624 rum
378 2558 409 2622 in
441 2558 511 2641 ipsa
542 2556 657 2623 Gothis
695 2562 880 2641 persecutns
915 2562 965 2623 ast
997 2558 1190 2624 Christianos
1222 2557 1409 2627 erudelitate

278 2663 425 2741 mirabili,
453 2682 524 2727 cum
552 2663 596 2727 ibi
622 2682 682 2728 non
709 2665 817 2729 essent
842 2664 904 2728 nisi
930 2664 1088 2740 catholici,
1116 2683 1248 2745 quorum
1280 2662 1409 2745 plurimi

278 2769 426 2853 martyrio
450 2767 589 2834 coronati
612 2770 696 2845 sunt,
720 2768 804 2833 sicut
825 2788 844 2832 a
866 2768 1055 2850 quibusdam
1076 2768 1235 2842 fratribus,
1260 2769 1314 2849 qui
1332 2772 1409 2832 tunc

277 2874 345 2939 illic
363 2872 450 2956 pueri
467 2873 590 2937 fuerant
608 2877 641 2937 et
658 2892 692 2938 se
710 2874 773 2938 ista
790 2873 910 2938 uidisse
926 2873 1143 2939 incunctanter
1156 2873 1409 2950 recordabantur,

279 2978 480 3044 audiuimus?
508 2975 591 3057 Quid
614 2977 706 3043 modo
729 2978 760 3041 in
783 2978 934 3043 Perside?
960 2979 1071 3044 Nonne
1093 2980 1139 3043 ita
1160 2979 1191 3043 in
1215 2978 1410 3044 Christianos
1428 3002 1454 3043 u

278 3084 397 3150 ferbuIt
421 3083 598 3167 persecutio
626 3082 668 3168 (si
695 3087 798 3148 tamen
826 3084 890 3148 inm
917 3084 1063 3169 quieuit),
1091 3085 1310 3168 nefugientes
1338 3084 1411 3149 inde

280 3189 422 3256 nonnulli
449 3208 550 3272 usque
577 3189 615 3253 sd
642 3190 782 3255 Romana
808 3189 923 3275 oppida
949 3191 1168 3273 peruenerinte
1195 3178 1282 3256 Haec
1309 3190 1412 3273 adque

280 3296 375 3362 huius
397 3295 482 3360 modi
505 3295 583 3360 mihi
605 3295 757 3379 cogitanti
779 3314 849 3362 non.
859 3296 986 3361 uidetur
1004 3316 1073 3361 esse
1092 3296 1285 3361 detinIsodus
1304 3316 1411 3362 nume

280 3422 334 3468 rus
366 3402 630 3485 persecutionum,
662 3401 777 3482 quibus
810 3401 943 3470 exerceri
980 3406 1105 3484 oportet
1136 3402 1311 3468 ecclesium.
1349 3401 1412 3468 Sed

280 3528 389 3573 rursus
412 3507 573 3571 adfirmare
596 3507 717 3589 aliquas
740 3506 863 3572 futuras
882 3507 1042 3591 aregibus
1060 3512 1183 3591 praeter
1199 3508 1286 3572 illam
1306 3509 1412 3573 uouis-
1430 3532 1457 3574 a·

282 3615 404 3688 simam,
433 3613 470 3677 de
498 3631 561 3695 qus
586 3609 694 3678 nullus
721 3612 854 3695 ambigit
881 3612 1089 3691 Christianus,
1116 3633 1178 3678 non
1205 3613 1336 3678 minoris
1363 3617 1414 3678 est

282 3719 478 3785 temeritatis.
501 3719 611 3801 Itaque
633 3718 693 3782 hoc
710 3718 742 3782 in
765 3717 869 3782 medio
892 3718 1100 3800 relinquimus
1126 3722 1268 3785 neumam
1291 3723 1413 3802 partem

283 3824 476 3908 quaestionis
495 3823 590 3888 huius
605 3823 802 3890 adstruentes
818 3824 887 3888 siue
901 3823 1111 3900 destruentes,
1126 3824 1181 3888 sed
1194 3824 1413 3890 tantummodo

284 3932 323 3996 ab
354 3930 535 3996 adfirmandi
567 3930 729 4012 quodlibet
763 3930 876 3994 horum
913 3928 1022 3994 audaci
1058 3931 1289 4012 praesumtione
1324 3949 1414 3996 reuo-

283 4040 401 4103 cantes.
1434 4054 1462 4097 ss

727 4139 863 4206 CAPUT
885 4141 965 4205 LIII.

285 4267 336 4330 Ile
359 4270 527 4347 tempore
549 4263 777 4328 nouissimus
799 4263 1077 4346 persecutionis
1101 4264 1196 4330 nulli
1225 4265 1413 4332 hominum

759 4368 937 4433 reuelato.

329 4493 421 4557 illam
448 4509 521 4556 sune
543 4491 748 4556 nouissimam
771 4491 1034 4574 persecutionem,
1057 4510 1136 4573 quae
1159 4493 1197 4557 ab
1219 4494 1414 4560 Anttcbristo

287 4598 394 4662 futura
408 4601 466 4673 est,
481 4595 657 4678 praesentia
670 4615 729 4661 sua
746 4596 924 4679 exstinguet
940 4596 1009 4679 ipse
1027 4597 1127 4660 lesus.
1147 4596 1199 4663 Sic
1218 4597 1299 4661 enim
1317 4599 1414 4682 scrip
1434 4628 1459 4669 ιο

323 4735 536 4790 berhomuisset
555 4752 575 4788 c
653 4735 806 4788 5arrianns
826 4751 894 4802 nep
974 4736 1061 4799 Inon
1080 4751 1163 4790 om.e
1241 4737 1271 4789 ll
1293 4743 1335 4790 est
1353 4753 1413 4806 per·

288 4828 396 4879 secutus
415 4842 434 4877 o
489 4823 521 4878 12
540 4840 599 4878 curn
616 4822 844 4879 ibi...catbolici
862 4839 949 4890 osup
1000 4824 1032 4876 14
1050 4823 1118 4892 illic]
1135 4824 1210 4893 ipr
1259 4825 1293 4878 16
1311 4823 1415 4879 ierqut

284 4930 371 4983 ppn,·
388 4912 504 4966 fernitb
609 4910 671 4975 ism,
688 4911 870 4988 superscn'plc
887 4927 921 4964 m.
940 4914 1071 4972 2.non,e
1200 4912 1232 4965 17
1252 4911 1286 4966 ad
1303 4929 1415 4966 romans

290 5010 374 5070 usque
393 5018 412 5053 c
464 4999 636 5070 peruenirent
654 5016 673 5052 a
724 5000 759 5054 20
777 5016 795 5052 a
812 5015 899 5067 emp
947 5000 981 5053 23
1000 5004 1167 5054 struentese
1214 5001 1249 5053 24
1268 5001 1415 5068 quolibete

289 5090 323 5143 27
342 5088 410 5142 nulli
427 5087 564 5142 homiuurn'
581 5087 708 5147 reuelato,
718 5086 771 5156 pk
789 5087 895 5140 occulto
909 5102 981 5155 pqu
998 5087 1096 5141 Dornb.
1156 5087 1190 5141 29
1207 5088 1308 5142 noniss.
1327 5104 1377 5142 om.
1391 5106 1414 5157 p

289 5177 325 5233 30
343 5193 429 5248 praes.
447 5193 496 5230 sus
511 5175 544 5229 ιἰι
559 5191 644 5245 marp.
664 5168 696 5228 α’
752 5176 810 5244 ipse
828 5175 977 5244 exsting.o
