3217 6325
226 1287 289 1353 358
563 1287 589 1340 S.
616 1286 770 1340 Aurelii
797 1286 1012 1355 Augustini

224 1480 316 1544 nibus
340 1498 406 1544 eam
429 1477 570 1560 potuisse
595 1480 746 1553 consumi,
770 1479 825 1544 sed
849 1480 899 1543 his
926 1482 1033 1560 potius
1059 1480 1138 1544 mira
1160 1483 1357 1543 rncrementa

224 1586 386 1661 sumsisse,
411 1586 666 1670 excogitauerunt
683 1585 788 1650 nescio
808 1604 886 1668 quos
905 1605 1016 1649 uersus
1037 1584 1173 1650 Graecos
1190 1589 1355 1666 tamquam

225 1692 400 1755 consulenti
427 1692 550 1756 cuidam
578 1691 684 1756 diuino
713 1693 838 1756 oraculo
866 1693 993 1768 effusos
1022 1691 1077 1756 ubi
1100 1691 1261 1758 Christum
1286 1692 1356 1773 qui-

225 1796 296 1860 dem
319 1797 356 1860 ab
379 1797 473 1860 huius
497 1800 657 1879 tamquam
682 1797 838 1879 sacrilegii
861 1798 989 1861 crimine
1008 1797 1129 1861 faciunt
1144 1797 1354 1872 innocentem,

223 1902 351 1966 Petmm
392 1905 497 1966 autern
536 1900 689 1967 maleficia
729 1904 843 1967 fecisse
881 1903 1086 1986 subiungant,
1126 1907 1164 1967 ut
1198 1904 1356 1967 coleretur
1385 1925 1398 1965 s

225 2007 341 2074 Christi
368 2027 478 2072 nomen
506 2027 561 2089 per
582 2012 738 2073 trecentos
763 2010 922 2093 sexaginta
950 2011 1086 2091 quinque
1110 2027 1217 2085 annos,
1242 2008 1354 2073 deinde

224 2114 367 2196 conpleto
404 2117 574 2180 memorato
610 2135 737 2180 numero
779 2135 939 2186 annorum,
981 2116 1048 2179 sine
1088 2134 1175 2180 mora
1215 2122 1356 2180 sumeret

224 2220 324 2286 finem.
350 2221 375 2285 0
400 2221 561 2286 hominum
584 2222 676 2286 corda
698 2222 874 2286 doctorum!
900 2220 925 2285 0
948 2222 1075 2305 ingenia
1095 2221 1236 2286 litterata
1258 2222 1355 2304 digna

225 2327 347 2392 credere
369 2326 431 2390 ists
454 2326 491 2390 de
515 2325 650 2402 Christo,
674 2346 753 2408 quae
777 2327 900 2391 credere
923 2346 982 2391 non
1007 2327 1106 2391 uultis
1128 2328 1158 2389 in
1180 2327 1354 2405 Christum,

225 2433 308 2517 quod
339 2434 407 2497 eins
439 2432 613 2515 discipulus
641 2434 754 2498 Petrus
782 2434 820 2497 ab
849 2451 884 2497 eo
912 2434 1051 2517 magicas
1079 2436 1161 2497 artes
1190 2432 1398 2498 nondidi·1o

225 2542 311 2617 cerit,
336 2540 401 2616 sed,
424 2538 493 2621 ipso
517 2539 689 2614 innocente,
713 2542 817 2603 tamen
842 2539 909 2602 eius
931 2539 1092 2603 maleficus
1116 2539 1211 2604 fuerit
1229 2559 1354 2603 nomen·

225 2666 284 2729 que
315 2646 402 2710 illius
435 2664 527 2726 quam
559 2663 653 2709 suurn
685 2643 746 2708 coli
777 2645 924 2708 maluerit
954 2645 1085 2729 magicis
1121 2646 1243 2710 artibus
1275 2646 1353 2723 suis,

224 2753 344 2837 magnis
370 2750 529 2815 laboribus
557 2754 590 2813 et
615 2749 762 2832 periculis
791 2752 867 2826 suis,
895 2755 1053 2831 postremo
1078 2751 1172 2815 etiarn
1201 2750 1353 2816 effusione

223 2857 385 2943 sanguinis
417 2857 480 2920 sui!
514 2855 547 2921 si
578 2857 691 2920 Petms
722 2856 884 2920 maleficus
920 2856 1004 2935 fecit,
1037 2859 1074 2920 ut
1109 2855 1269 2921 Christum
1307 2856 1353 2920 sic

224 2964 368 3046 diligeret
394 2962 541 3037 mundus,
569 2962 643 3044 quid
670 2963 746 3027 fecit
772 2962 920 3027 innocens
953 2961 1106 3040 Christus,
1134 2967 1171 3026 ut
1202 2981 1275 3027 oum
1308 2965 1353 3027 sic
1372 2984 1397 3023 rs

224 3070 368 3153 diligeret
398 3070 533 3136 Petrus?
560 3068 779 3150 Respondeant
805 3069 903 3152 igitur
928 3069 990 3152 ipsi
1018 3069 1080 3132 sihi
1107 3073 1140 3133 et
1166 3069 1194 3133 si
1221 3072 1354 3150 possunt
1382 3064 1384 3070 '

223 3176 407 3260 intellegant
433 3175 487 3239 illa
514 3194 647 3256 superna
675 3176 776 3259 gratia
798 3177 915 3239 factum
940 3194 1018 3252 esse,
1047 3179 1084 3240 ut
1105 3178 1234 3258 propter
1256 3178 1354 3239 aeter·-

223 3303 293 3347 nam
324 3282 423 3346 uitam
455 3280 614 3346 Christum
647 3281 791 3364 diligeret
829 3281 973 3358 mundus,
1011 3301 1071 3362 qua
1103 3283 1204 3365 gratia
1235 3280 1353 3345 factum

224 3392 283 3465 est,
315 3393 351 3451 ut
383 3392 415 3451 et
443 3391 570 3470 propter
599 3392 756 3452 aeternam
788 3389 888 3451 uitam
920 3388 957 3451 ab
990 3387 1044 3452 illo
1077 3387 1290 3470 accipiendam
1323 3389 1354 3450 et

224 3512 323 3576 usque
351 3493 390 3557 ad
415 3494 634 3576 temporariam
661 3498 792 3558 mortem
821 3514 875 3575 pro
903 3494 957 3557 illo
985 3494 1163 3575 patiendam
1192 3491 1353 3557 Christum
1371 3511 1397 3548 rr

225 3599 370 3684 diligeret
401 3600 521 3664 Petrus.
554 3600 673 3664 Deinde
706 3600 758 3663 isti
790 3601 821 3664 di
854 3600 908 3682 qui
936 3603 1020 3676 sunt,
1049 3601 1102 3682 qui
1130 3602 1265 3681 possunt
1293 3599 1354 3662 ista

224 3706 399 3788 praedicere
426 3725 481 3770 nec
509 3709 643 3788 possunt
669 3709 819 3782 auertere,
847 3706 892 3769 ita
919 3705 1157 3770 succumbentes
1180 3706 1236 3769 uni
1258 3704 1354 3773 malet

224 3810 282 3876 fico
315 3815 347 3875 et
376 3812 430 3875 uni
463 3813 573 3877 sceleri
604 3813 736 3896 magico,
769 3831 831 3894 qno
864 3831 949 3894 puer,
977 3816 1014 3875 ut
1041 3812 1158 3888 dicunt,
1187 3810 1353 3874 anniculus

225 3919 348 3983 occisus
376 3923 408 3982 et
434 3919 602 3985 dilaniatus
629 3924 660 3984 et
686 3921 749 3983 ritu
776 3919 891 3982 nefario
916 3919 1060 3999 sepultus
1084 3922 1142 3995 est,
1171 3923 1209 3981 nt
1231 3921 1351 3981 sectam

225 4025 285 4090 sibi
307 4025 515 4090 aduersariam
538 4030 602 4089 tam
626 4026 744 4107 prolixo
766 4028 907 4107 tempore
932 4026 1158 4102 conualescere,
1183 4027 1230 4087 tot
1253 4026 1353 4087 tanta-
1370 4043 1397 4082 as

223 4151 355 4214 rumque
383 4133 634 4214 persecutionum
661 4131 829 4195 horrendas
857 4130 1059 4194 crudelitates
1082 4149 1141 4194 nou
1165 4129 1352 4203 resistendo,

224 4236 280 4301 sed
302 4236 447 4319 patiendo
471 4256 616 4318 superare
640 4241 671 4300 et
690 4236 727 4300 ad
747 4256 874 4301 suorum
893 4236 1131 4300 simulacrorum
1150 4235 1351 4316 templorum,

224 4361 383 4407 sacrorum
407 4343 601 4407 oraculorum
622 4343 814 4407 euersionem
834 4341 994 4425 peruenire
1012 4343 1248 4422 permitterent?
1273 4339 1352 4419 Quis

196 4602 200 4610 Ι
259 4533 424 4598 2ιειιειεῃι,
443 4548 459 4584 u
478 4533 598 4585 or.2r'n
617 4549 631 4583 o
650 4548 759 4597 corr.,e
808 4530 988 4600 3quidamp
1059 4529 1143 4582 effuso
1157 4544 1179 4596 p
1229 4531 1350 4583 tmale·

225 4619 285 4672 ficia
304 4621 454 4688 abepuf
468 4620 581 4684 Domh.,·
598 4620 735 4673 maleficiis
750 4636 795 4688 po
850 4621 865 4672 6
886 4620 1001 4688 quinque
1020 4636 1069 4670 orrr.
1084 4618 1117 4685 p¹
1181 4619 1213 4670 13
1231 4619 1350 4685 magnis·

225 4723 314 4778 queo
367 4708 502 4812 ¹2l⁰¹ib¹¹⁸
521 4709 607 4761 suisa
646 4709 677 4762 16
691 4709 757 4777 ipsis
777 4709 828 4760 sibi
848 4724 876 4772 e,·
893 4707 943 4760 sihi
963 4707 1048 4776 ipsio
1086 4709 1118 4758 19
1128 4706 1210 4773 prius
1223 4710 1251 4757 et
1266 4724 1315 4760 oro.
1333 4724 1349 4756 rr

225 4821 260 4875 20
282 4824 459 4891 temperiem,
483 4823 524 4876 ale
547 4841 580 4878 m.
600 4826 659 4886 2,c
765 4822 919 4892 capiendam
939 4839 992 4886 cu;
1014 4822 1044 4874 in
1061 4838 1145 4889 orare.
1164 4820 1351 4889 patiendamc

225 4946 257 4998 21
278 4947 324 5014 qui
342 4951 404 4998 sunt
422 4963 471 5002 om.
486 4964 507 5015 p
543 4948 578 5000 22
595 4945 776 5014 praedicaree
829 4951 961 5014 uerterep
997 4946 1031 4998 23
1051 4922 1154 5014 duodo
1167 4961 1251 5012 marg.
1268 4921 1350 5011 onie

226 5046 257 5121 irt
275 5069 380 5134 dicitur,
398 5071 430 5123 in
446 5047 580 5139 margat
598 5069 731 5133 meante
783 5073 818 5127 ⁴24
836 5071 863 5122 in
882 5055 972 5137 ritu'p
1043 5072 1074 5121 ut
1090 5073 1164 5121 secte
1182 5066 1234 5120 sihi
1254 5066 1347 5119 aduer-

226 5158 564 5227 saria-conualesceretp
617 5160 651 5212 28
670 5160 715 5227 qui
735 5176 749 5227 p
