3217 6325
288 1315 352 1379 364
626 1314 653 1368 S.
682 1314 836 1368 Aurelii
863 1314 1077 1383 Augustini

288 1506 485 1584 adminiculo,
509 1508 574 1571 sine
597 1507 751 1573 industria
769 1511 821 1573 uel
839 1513 904 1573 arte
923 1509 1061 1587 uiuendi,
1081 1528 1159 1591 quae
1177 1508 1278 1573 uirtus
1296 1506 1415 1572 dicitur

288 1615 321 1676 et
337 1612 444 1695 procul
462 1612 556 1677 dubio
576 1613 716 1691 discitur,
741 1615 829 1679 uelut
847 1616 1031 1679 naturaliter
1049 1615 1210 1697 adpetunt,
1228 1617 1284 1677 aut
1300 1614 1414 1694 uolup-

218 1744 225 1756 ·
287 1722 394 1795 tatem,
422 1738 482 1801 qua
509 1718 735 1783 delectabiliter
759 1725 906 1785 mouetur
932 1722 1070 1802 corporis
1098 1740 1218 1797 sensus,
1246 1724 1302 1784 aut
1324 1719 1414 1802 quie·

287 1827 362 1902 tem,
391 1843 453 1906 qua
478 1822 514 1889 fit
539 1829 576 1888 ιιι
598 1825 715 1889 nullam
743 1826 920 1890 molestiam
943 1826 1081 1909 corporis
1108 1826 1240 1908 quisque
1262 1825 1412 1907 patiatur,

287 1933 344 1994 aut
369 1934 543 2013 utramque,
571 1951 663 2012 quam
691 1935 794 1996 tamen
822 1952 883 1997 uno
912 1932 1036 1996 nomine
1060 1932 1234 2013 uoluptatis
1258 1931 1412 2012 Epicurus
1440 1951 1455 1990 s

287 2031 434 2118 appellat,
462 2041 516 2100 aut
541 2037 762 2101 uniuersaliter
787 2038 887 2120 prima
914 2042 1052 2112 naturae,
1079 2037 1110 2100 io
1139 2037 1253 2118 quibus
1280 2036 1413 2100 ethaeo

288 2145 362 2205 suut
392 2146 424 2205 et
454 2141 524 2218 alia,
556 2144 607 2206 uel
638 2142 669 2206 iu
700 2161 839 2225 corpore,
875 2148 912 2207 ut
943 2143 1152 2208 membrorum
1184 2143 1349 2226 integritus
1381 2144 1415 2205 et

287 2246 373 2311 salus
396 2247 495 2328 adque
517 2247 716 2312 incolumitas
739 2249 819 2330 einis,
842 2249 894 2313 uel
916 2249 948 2312 in
971 2268 1085 2327 animo,
1108 2252 1145 2314 ut
1167 2252 1241 2312 sunt
1263 2267 1308 2326 ea,
1332 2265 1414 2329 quae

286 2352 339 2416 uel
365 2373 459 2435 pama
486 2353 537 2418 uel
567 2355 731 2437 magnoin
754 2354 916 2419 hominum
939 2356 1135 2436 reperiuntur
1156 2354 1301 2439 ingeniis.
1324 2353 1413 2418 Haec

285 2456 385 2540 igitur
420 2461 576 2540 quattuor,
611 2458 645 2522 id
681 2461 730 2523 est
761 2461 918 2540 uoluptas,
958 2462 1058 2543 quies,
1096 2464 1275 2542 utrumque,
1310 2460 1414 2541 prima
1431 2481 1456 2520 n

285 2567 423 2641 naturae,
445 2565 491 2628 ita
514 2569 587 2629 sunt
603 2565 634 2628 iu
653 2565 753 2638 nobis,
772 2569 809 2627 ut
825 2566 878 2630 uel
896 2565 1008 2642 uirtus,
1033 2585 1126 2647 quam
1144 2570 1254 2648 postea
1271 2564 1414 2629 doctrina

286 2667 406 2746 inserit,
429 2673 555 2753 propter
576 2670 652 2735 haec
675 2669 847 2752 adpetenda
869 2669 921 2746 sit,
945 2673 1001 2733 aut
1022 2670 1084 2733 ista
1106 2673 1231 2754 propter
1247 2670 1411 2745 uirtutem,

288 2779 343 2839 aut
368 2780 500 2857 utraque
523 2780 648 2858 propter
670 2795 703 2840 se
727 2776 809 2857 ipsa;
833 2793 869 2839 ac
891 2794 947 2857 per
968 2776 1027 2840 hoc
1049 2775 1129 2839 fiunt
1150 2776 1223 2840 hinc
1245 2774 1412 2840 duodecim

287 2885 406 2957 sectae,
437 2864 492 2963 pbr
522 2881 600 2945 hanc
633 2883 714 2945 euim
743 2882 893 2945 rationem
921 2881 1061 2966 singulae
1087 2881 1298 2964 triplicantur;
1327 2880 1413 2963 quod

287 3005 359 3051 cum
389 2986 421 3050 iu
452 3005 514 3050 una
546 2986 806 3067 demonstrauero,
839 2986 968 3051 difficile
999 3006 1059 3051 nou
1091 2987 1150 3051 erit
1179 2988 1212 3051 id
1238 2988 1269 3052 in
1295 2987 1411 3052 ceteris
1430 3005 1456 3046 ιι

285 3091 435 3156 inuenire.
464 3091 541 3157 Cum
569 3111 642 3177 ergo
670 3092 817 3175 uoluptas
840 3092 977 3176 corporis
1003 3093 1098 3156 animi
1121 3093 1232 3156 uirtuti
1259 3095 1315 3156 aut
1337 3091 1411 3156 sub·

287 3197 371 3263 ditur
398 3201 453 3264 aut
478 3199 651 3282 praefertur
677 3202 731 3262 aut
758 3199 909 3283 iungitur,
936 3199 1092 3282 tripertita
1119 3200 1258 3263 uariatur
1279 3199 1411 3263 diuersi·

286 3306 352 3368 tate
375 3307 540 3369 sectamm.
566 3302 718 3369 Subditur
740 3310 845 3368 autem
869 3305 990 3378 uirtuti,
1019 3304 1140 3385 quando
1167 3306 1198 3369 in
1227 3325 1321 3369 usum
1349 3304 1412 3369 uir-

156 3482 160 3491 ,
285 3411 364 3474 tutis
387 3411 571 3475 adsumitur.
594 3411 734 3475 Pertinet
752 3411 867 3494 quippe
890 3411 928 3475 ad
946 3411 1075 3475 uirtutis
1094 3410 1231 3475 officium
1251 3415 1283 3474 et
1300 3410 1411 3477 uiuere

286 3516 404 3599 patriae
432 3519 464 3580 et
490 3521 615 3600 propter
640 3517 771 3599 patrium
799 3517 881 3580 filios
908 3534 1078 3598 procreare,
1107 3536 1239 3599 quorum
1263 3520 1411 3581 neutrum
1428 3532 1455 3571 ιι

286 3619 353 3685 fieri
379 3623 486 3702 potest
511 3621 578 3686 sine
604 3622 741 3705 corporis
768 3622 946 3705 uoluptate
975 3640 1046 3686 nam
1074 3622 1141 3686 sine
1162 3622 1218 3686 illa
1239 3639 1295 3685 nec
1319 3621 1411 3685 cibus

285 3729 440 3810 potusque
468 3726 612 3803 sumitur,
639 3732 676 3790 ut
697 3727 835 3805 uiuatur,
864 3746 920 3791 nec
943 3727 1168 3804 concumbitur,
1191 3731 1228 3791 ut
1249 3726 1411 3811 generatio

287 3836 483 3916 propagetur.
511 3831 590 3897 Cum
613 3850 685 3896 uero
709 3833 882 3915 praefertur
902 3833 1023 3909 uirtuti,
1047 3833 1117 3914 ipsa
1140 3832 1298 3914 adpetitur
1319 3851 1411 3916 prop-

286 3940 334 4001 ter
356 3956 389 4001 se
411 3936 522 4020 ipsam,
541 3936 642 4001 uirtus
665 3938 768 4000 autem
793 3936 984 4002 adsumenda
1006 3938 1141 4002 creditur
1161 3936 1288 4022 propter
1308 3937 1409 4016 illam,

285 4043 318 4107 id
341 4046 400 4117 est,
424 4048 460 4106 ut
481 4042 559 4106 nihil
582 4042 683 4107 uirtus
706 4045 780 4126 agat
802 4042 862 4106 nisi
885 4042 924 4106 ad
947 4043 1193 4124 consequendam
1217 4043 1269 4107 uel
1287 4062 1411 4108 consor·
1429 4059 1455 4100 ἥ

286 4147 419 4213 uaudam
442 4147 578 4230 corporis
601 4147 812 4228 uoluptatem
837 4166 915 4229 quae
938 4149 1005 4212 uita
1028 4148 1175 4213 deformis
1199 4149 1409 4230 estquidam,

287 4254 402 4336 quippe
434 4252 487 4317 ubi
519 4253 619 4316 uirtus
651 4253 750 4317 semit
781 4252 921 4317 dominae
953 4253 1119 4336 uoluptati,
1149 4255 1294 4335 quamuis
1321 4254 1409 4319 nullo

287 4357 378 4422 modo
400 4357 477 4421 haec
501 4356 629 4421 dicenda
652 4357 694 4421 sit
715 4357 832 4430 uirtus;
856 4357 910 4422 sed
933 4362 1037 4422 tamen
1057 4359 1152 4422 etiam
1170 4359 1233 4423 ista
1251 4359 1409 4424 horribilis

267 4460 446 4546 'turpitudo
468 4462 578 4525 habuit
599 4462 749 4545 quosdam
777 4464 978 4546 philosophos
1005 4467 1153 4545 patronos
1176 4467 1208 4528 et
1230 4463 1409 4528 defensores

288 4587 372 4632 suos.
400 4567 517 4632 Virtuti
543 4586 632 4649 pomo
660 4567 806 4651 uoluptas
834 4569 982 4652 iungitur,
1010 4569 1132 4652 quando
1164 4573 1274 4634 neutra
1301 4580 1409 4634 aarum
1427 4584 1454 4625 ω

287 4679 412 4755 proptor
446 4674 584 4749 alteram,
620 4673 675 4737 sed
710 4678 836 4758 propter
871 4694 904 4739 se
940 4677 1025 4758 ipsas
1060 4677 1169 4741 ambae
1209 4677 1409 4760 adpetuntur.

288 4774 481 4860 Quapropter
502 4779 584 4843 sicut
605 4779 751 4860 uoluptas
773 4780 826 4843 uel
849 4779 974 4844 subdita
995 4782 1047 4846 uel
1069 4783 1207 4864 praelata
1228 4782 1280 4846 uel
1301 4783 1409 4848 iuncta

324 4964 444 5054 3'que9
506 4967 652 5059 aquisque
671 4984 741 5037 corp.
761 4969 830 5022 cbo
897 4969 930 5022 12
948 4969 1043 5023 inserit
1060 4971 1145 5025 istae
1213 4973 1245 5026 13
1263 4972 1350 5041 ipsum
1368 4989 1409 5041 ep

290 5063 451 5223 (litfdillicile
467 5086 499 5138 ιἰι
516 5103 600 5156 muap.
619 5067 816 5153 difficillimae
882 5092 915 5144 22
934 5091 1120 5147 concubituse
1182 5096 1217 5149 29
1234 5095 1331 5148 habuit
1343 5101 1410 5164 post

309 5186 389 5226 eens.
408 5187 502 5225 suoso
