3217 6325
290 1316 353 1381 294
623 1316 648 1370 S.
677 1316 829 1371 Aurelii
856 1317 1069 1386 Augustini

288 1504 326 1569 ab
354 1524 392 1570 eo
417 1506 540 1589 quippe,
569 1506 622 1588 qui
647 1506 731 1571 filius
759 1509 880 1571 Aeneae
911 1508 1032 1589 primus
1066 1507 1170 1573 dictus
1202 1512 1253 1595 est
1278 1509 1412 1587 Siluius,

288 1610 399 1675 ceteris
421 1611 598 1676 subsecutis
621 1616 654 1675 et
674 1611 798 1693 propria
819 1612 944 1676 nomina
965 1612 1195 1693 inponebantur
1216 1617 1250 1678 et
1271 1614 1331 1679 hoc
1349 1633 1410 1679 non

288 1713 388 1780 defuit
409 1720 671 1801 cognomentum·
683 1716 768 1782 sieut
787 1717 881 1801 longe
902 1722 1013 1800 postea
1031 1717 1181 1784 Caesares
1200 1720 1413 1803 cognominati

287 1823 370 1899 sunt,
402 1823 455 1904 qui
491 1827 710 1887 successerunt
741 1821 866 1889 Caesari
897 1823 1055 1906 Augusto.
1091 1824 1267 1905 Reprobato
1304 1828 1411 1890 autom

287 1922 390 2006 Saule,
415 1948 454 1993 ne
481 1929 645 2012 quisquam
674 1948 710 1993 ex
737 1928 804 1992 eius
832 1928 929 2012 stirpe
956 1933 1109 2014 regnaret,
1137 1948 1236 2011 eoque
1262 1929 1451 1995 defunctos

286 2030 388 2097 Dauid
411 2034 566 2099 successit
586 2034 618 2097 in
641 2053 770 2118 regnum
793 2038 867 2115 post
889 2053 985 2098 annos
1008 2054 1027 2098 a
1050 2034 1154 2099 Saulis
1181 2036 1312 2119 imperio
1335 2056 1410 2119 qua·

286 2136 435 2222 draginta.
461 2141 548 2206 'l'unc
572 2140 781 2205 Athenienses·
811 2141 924 2204 habere
956 2141 1065 2204 deinde
1096 2160 1186 2225 reges
1217 2146 1292 2225 post
1317 2141 1412 2208 Codri

284 2242 445 2310 interitum
468 2245 654 2313 destitemnt
676 2249 709 2310 et
729 2246 934 2329 magistratus
958 2246 1072 2311 habere
1095 2250 1265 2330 coeperunt
1281 2246 1412 2311 admini-

286 2350 427 2415 strandae
448 2350 663 2434 reipublicae.
686 2350 764 2415 Post
783 2350 897 2428 Dauid,
920 2352 974 2433 qui
997 2352 1091 2416 etiam
1115 2352 1184 2434 ipse
1207 2351 1413 2435 quodraginta

284 2457 429 2538 regnauit
450 2475 555 2535 annos,
579 2456 662 2520 filius
686 2456 753 2520 eius
777 2454 924 2521 Salomon
947 2475 1002 2521 rer
1022 2457 1238 2522 israelitarum
1261 2457 1334 2535 fuit,
1357 2459 1411 2541 qui
1429 2485 1455 2526 ιο

175 2586 177 2589 ⁴
284 2562 437 2645 templum
463 2561 544 2628 illud
569 2562 799 2626 nobilissimum
827 2562 887 2626 Dei
909 2562 1233 2645 Hierosolymitanum
1260 2563 1411 2632 condidit.

286 2664 384 2732 (luins
406 2670 544 2751 tempore
570 2670 646 2751 aput
667 2668 793 2732 Latinos
812 2667 938 2733 condita
956 2668 1111 2746 satalon,
1131 2687 1167 2731 ex
1185 2687 1247 2751 qua
1264 2669 1413 2753 deinceps

285 2789 346 2836 non
382 2772 572 2850 Latinorum,
608 2772 663 2838 sed
698 2772 889 2837 Albanorum
921 2792 1011 2857 reges
1043 2775 1205 2857 appellari,
1236 2774 1268 2838 in
1300 2774 1411 2839 eodem

285 2882 388 2944 tamen
406 2879 504 2956 Latio,
517 2881 699 2960 coeperunt
719 2876 879 2942 Salomoni
898 2880 1053 2943 suecessit
1069 2878 1153 2943 filius
1172 2879 1241 2944 eius
1258 2880 1411 2961 Roboam,

286 2982 345 3049 sub
372 3003 433 3066 quo
459 2984 492 3048 in
518 2982 580 3048 dno
607 3002 702 3067 regna
728 2984 867 3065 populus
892 2983 947 3047 ille
975 2984 1097 3049 diuisus
1124 2986 1184 3059 est,
1208 2987 1241 3049 et
1266 2984 1411 3068 singulae
1429 3014 1457 3055 ro

284 3091 388 3172 partas
411 3107 486 3154 suos
509 3088 651 3174 singulos
674 3107 762 3173 reges
786 3089 898 3153 habere
921 3091 1096 3173 ooopemnt

727 3263 863 3330 CAPUT
885 3264 970 3330 xxi.

289 3404 342 3470 De
369 3405 534 3489 regibus
562 3405 679 3481 Latii,
708 3424 871 3486 quorum
899 3407 1051 3489 primus
1073 3407 1227 3472 Aeneas
1255 3409 1295 3470 et
1322 3406 1410 3470 duo·

480 3511 658 3575 decimus
681 3512 907 3577 Auentinus
931 3513 969 3575 di
991 3512 1092 3575 faeti
1116 3515 1215 3576 suot

328 3655 453 3720 Latium
479 3656 553 3736 post
573 3653 707 3729 Aenean,
732 3671 825 3733 quem
854 3651 946 3716 deum
973 3652 1122 3728 focorum,
1146 3649 1292 3715 undecim
1318 3668 1410 3734 reges
1428 3666 1456 3707 ro

285 3759 405 3837 habuit,
429 3777 558 3840 quorum
582 3757 687 3822 nullus
712 3757 789 3822 deus
812 3757 915 3821 iactus
938 3759 993 3821 est.
1016 3756 1192 3821 Auentinus
1215 3758 1332 3833 autem,
1356 3755 1410 3837 qui

285 3865 468 3931 duodecimo
489 3866 559 3930 loco
578 3865 702 3929 Aenean
720 3863 872 3945 seqnitur,
891 3881 962 3928 cum
981 3866 1066 3927 esset
1083 3862 1258 3946 prostratus
1275 3861 1308 3924 in
1325 3860 1410 3925 bello

286 3973 319 4035 et
339 3971 483 4054 sepultus
505 3970 536 4034 in
560 3988 596 4035 eo
618 3972 734 4044 monte,
757 3969 812 4051 qui
835 3967 929 4032 etiam
952 3985 1035 4032 nune
1057 3967 1125 4032 eius
1147 3964 1271 4032 nomine
1292 3975 1410 4029 nuncu·

284 4078 386 4159 patur,
411 4075 538 4141 deorum
567 4074 689 4153 talium,
713 4075 821 4157 quales
850 4073 910 4138 sibi
938 4073 1102 4149 iaciebant,
1126 4086 1255 4137 numero
1282 4073 1333 4136 est
1359 4070 1411 4136 ad-

285 4182 382 4247 ditus.
409 4182 472 4247 Alii
499 4200 573 4246 sane
600 4182 767 4246 noluemnt
793 4197 863 4244 eum
892 4179 923 4244 in
950 4179 1068 4261 proelio
1097 4178 1231 4244 scribere
1258 4176 1410 4255 occisum,
1427 4198 1455 4238 aa

285 4287 341 4354 sed
360 4307 420 4353 non
438 4287 636 4371 conparuisse
654 4286 809 4362 dixerunt3
828 4303 887 4350 nec
905 4304 940 4349 ax
959 4285 1027 4349 eius
1045 4283 1200 4350 uocabulo
1217 4283 1410 4366 appellitum

285 4398 433 4469 montem,
456 4394 512 4458 sod
534 4412 570 4457 ex
588 4391 726 4457 aduentu
743 4392 851 4455 auium
870 4391 988 4456 dictum
1006 4390 1208 4455 Auentinum.
1231 4388 1312 4456 Post
1327 4388 1411 4452 hunc

265 4518 346 4565 >nou
373 4503 422 4565 est
448 4499 525 4565 deus
552 4498 654 4563 lactus
681 4496 825 4562 inlatio
853 4496 915 4561 nisi
935 4495 1090 4560 Romulus
1118 4493 1260 4560 conditor
1281 4494 1408 4559 Romae.

286 4604 369 4670 Inter
393 4605 493 4670 istum
520 4606 625 4669 autem
653 4605 686 4668 et
710 4601 801 4667 illum
829 4621 918 4685 reges
950 4601 1145 4684 reperiuntur
1175 4599 1248 4678 duo,
1276 4616 1407 4682 qnorum

286 4710 406 4791 primus
430 4713 487 4787 est,
510 4713 548 4773 ut
570 4728 640 4773 eum
663 4706 842 4793 Vergiliano
865 4725 959 4771 uersu
984 4706 1125 4787 eloquar:
1426 4725 1454 4767 so

375 4900 391 4952 6
408 4898 475 4967 Reg.
494 4897 529 4961 11,
547 4899 564 4952 2

321 5021 453 5091 filling
497 5017 765 5088 Sudmagistraudae
783 5018 842 5087 regi
859 5017 1016 5087 publiceec
1062 5015 1095 5069 10
1113 5018 1170 5069 eius
1187 5030 1271 5071 orm
1315 5017 1350 5070 20
1368 5017 1408 5069 ie·

287 5115 380 5165 cerunt
397 5112 527 5181 deppae·
544 5110 645 5166 fenerat
663 5125 695 5174 o,·
712 5107 832 5161 fecerant
846 5108 919 5176 pfo
971 5107 1005 5160 25
1022 5104 1049 5157 in
1069 5120 1119 5160 our.
1138 5119 1152 5157 c
1202 5104 1237 5157 ’26
1256 5120 1316 5157 eum
1335 5104 1408 5159 dire-

287 5202 373 5267 runtp
440 5191 843 5266 neoobeppof;sedneco
894 5191 1187 5254 iidictumesseuf
1236 5189 1410 5263 80Virgil.o
