3217 6325
268 1253 334 1319 536
608 1250 635 1304 S.
662 1247 814 1304 Aurelii
837 1246 1048 1317 Augustini

267 1459 374 1507 uerme
400 1440 545 1506 maeroris
568 1438 740 1506 edlirment
768 1436 859 1519 Quod
881 1438 943 1505 etsi
965 1438 1147 1505 credibilius
1169 1440 1294 1520 dicitnr,
1317 1441 1394 1525 quie

266 1550 376 1633 utique
407 1546 576 1614 absurdum
611 1549 661 1613 est
700 1545 746 1612 ibi
776 1545 915 1612 dolorem
946 1548 1002 1611 ent
1031 1546 1169 1630 ccrpuris
1203 1551 1260 1612 eut
1294 1548 1392 1613 enimi

267 1652 462 1719 defuturumz
486 1671 544 1739 ege
567 1657 669 1718 temen
692 1652 816 1718 lucilius
839 1654 889 1718 est
909 1654 948 1718 ut
964 1652 1004 1718 ed
1021 1669 1134 1736 cerpus
1152 1652 1253 1718 dicem
1272 1657 1392 1719 utrum-

269 1777 328 1842 que
349 1759 504 1842 pertinere
527 1779 620 1842 quum
642 1761 798 1837 nentrum,
821 1758 946 1824 ntideo
968 1759 1099 1824 tucitum
1122 1760 1154 1824 in
1176 1759 1242 1826 illis
1265 1758 1392 1824 diuinus

266 1865 437 1948 scripturae
468 1864 573 1931 uerbis
604 1865 704 1931 enimi-
735 1864 883 1943 delorem,
913 1865 1059 1948 quonium
1097 1884 1289 1949 consequens
1321 1884 1393 1932 esec
1425 1886 1441 1929 s

265 1970 470 2057 intellegitur,
498 1971 708 2037 etiamsinon
735 1970 868 2052 dicetur,
894 1973 931 2037 ut
957 1989 1085 2055 ccrpcre
1112 1971 1159 2039 sie
1180 1972 1305 2038 dolente
1327 1972 1394 2037 uni·

267 2095 338 2141 mus
366 2095 489 2159 queque
516 2078 616 2143 sterili
641 2077 833 2160 paenitentia
860 2077 1025 2143 crucietur.
1055 2078 1329 2163 nogienrqmpps
1362 2082 1394 2143 et

265 2182 298 2248 in
329 2182 491 2248 ueteribus
523 2184 699 2267 scripturis:
732 2183 907 2249 Vindicta
937 2184 1060 2250 curnis
1089 2184 1192 2268 inpii,
1219 2184 1320 2269 ignis
1356 2189 1395 2250 et

266 2289 415 2355 uermis.
438 2290 548 2356 Potuit
563 2290 691 2382 breuius
710 2290 786 2357 dici:
807 2290 953 2357 Vindicta
969 2291 1055 2375 inpii
1072 2290 1162 2373 Quur
1178 2309 1253 2376 erge
1271 2290 1394 2356 dictum

268 2402 330 2462 est:
363 2398 485 2463 cernis
516 2397 620 2480 inpii,
653 2397 715 2463 nisi
741 2398 815 2482 quie
841 2400 1020 2481 utrumque,
1050 2396 1084 2463 id
1110 2402 1162 2463 est
1186 2402 1219 2463 et
1242 2397 1328 2483 ignis
1360 2403 1395 2464 et
1412 2418 1440 2459 ιο

266 2503 395 2580 neumis,
422 2520 523 2586 pcens
544 2503 604 2569 erit
625 2499 751 2569 cernis?
773 2503 839 2569 lut
860 2504 889 2570 si
910 2503 1083 2569 uindictem
1105 2502 1207 2569 cernis
1229 2508 1396 2587 propterca

267 2607 369 2673 dicere
396 2608 508 2686 noluit,
537 2607 695 2691 quiahoc
721 2609 753 2674 in
775 2608 901 2675 homine
927 2609 1149 2687 uindicebitm,
1177 2608 1262 2694 qued
1283 2628 1395 2676 secun·

266 2712 341 2779 dum
378 2732 500 2779 curnem
536 2714 649 2780 uixerit
679 2716 818 2799 (propter
847 2716 908 2781 lrcc
939 2715 1021 2780 enirn
1051 2717 1159 2781 ueniet
1191 2715 1222 2781 in
1258 2720 1395 2782 mertem

266 2819 446 2897 secundem,
487 2839 579 2904 quem
620 2821 815 2906 significauit
853 2822 1015 2906 upcstclus
1056 2821 1177 2889 dicens:
1219 2820 1257 2887 Si
1296 2823 1396 2889 enim

267 2925 469 2991 secuudum
499 2944 641 2993 curnem
664 2926 852 3005 meritis,
879 2927 1111 3011 moriemini),
1139 2928 1236 3013 eliget
1257 2928 1442 3014 quicquum

266 3032 350 3117 qnod
371 3032 485 3116 placet,
513 3036 569 3097 eut
589 3032 695 3117 ignem
716 3032 854 3099 tribuere
876 3032 1006 3117 corpori,
1034 3033 1138 3099 enimc
1160 3050 1310 3113 nomem,
1333 3035 1395 3101 hcc

264 3139 399 3223 proprie,
420 3138 501 3206 illud
522 3137 651 3222 tropice,
669 3141 726 3204 eut
741 3140 911 3222 utrumque
932 3140 1054 3224 proprie
1072 3141 1203 3225 ccrpcn‘.
1224 3140 1291 3209 lem
1310 3142 1395 3207 enim

266 3245 344 3312 sutis
381 3246 525 3330 superius
560 3245 720 3329 dispntuui
756 3264 849 3330 posse
888 3246 1034 3312 animulis
1069 3247 1164 3312 etism
1198 3247 1230 3312 in
1264 3247 1395 3333 ignibus

266 3351 385 3428 uiuere,
416 3352 449 3416 in
479 3350 608 3417 ustione
636 3351 704 3416 sine
735 3351 962 3431 consumticne,
989 3352 1020 3416 in
1051 3352 1157 3418 dolore
1184 3352 1250 3417 sine
1281 3356 1395 3430 morte,

265 3476 322 3543 per
347 3456 533 3522 miraculum
560 3456 855 3541 omnipotentissimi
882 3456 1050 3534 Creatoris3
1079 3457 1132 3524 cui
1157 3459 1218 3524 hcc
1242 3459 1395 3543 possibile
1413 3485 1443 3529 n

267 3582 338 3630 esse
362 3563 416 3645 qui
438 3566 540 3647 negat,
568 3582 670 3647 uque
694 3563 737 3628 sit
758 3563 910 3648 quidquid
932 3564 964 3629 in
987 3562 1107 3630 naturis
1134 3564 1280 3633 omnibus
1302 3566 1395 3630 mirs-

266 3673 319 3736 tur
349 3669 481 3753 ignoret.
514 3669 587 3752 Ipse
619 3673 669 3734 est
695 3669 777 3734 enim
804 3670 900 3749 Deus,
927 3670 981 3752 qui
1008 3670 1114 3735 emnia
1140 3670 1171 3734 in
1193 3669 1253 3737 lrcc
1276 3670 1395 3736 munde

267 3796 382 3861 magne
402 3779 435 3842 et
456 3796 553 3859 perus
573 3776 732 3858 mireculs
757 3797 836 3860 quus
858 3777 1182 3851 cummemcmuimus.
1200 3779 1234 3842 ct
1249 3777 1396 3861 inccnpc

266 3883 406 3949 rebiliter
432 3882 532 3966 plum,
565 3901 643 3967 ques
670 3901 731 3948 uon
764 3884 1090 3962 commonuimus,
1120 3884 1197 3949 lecit
1223 3883 1395 3967 sedemque

264 3989 335 4071 ipsc
368 3987 483 4052 munde
515 4008 576 4055 unc
607 3989 708 4072 adque
737 3991 876 4055 omnium
906 3990 1040 4055 murimc
1072 3989 1222 4055 mireculc
1254 3989 1395 4056 inclusit
1413 4015 1442 4059 se

267 4095 374 4178 illiget
401 4113 474 4177 ergo
502 4113 599 4159 unum
627 4113 643 4159 e
671 4093 795 4161 dnobus
823 4094 956 4178 quisque
984 4095 1397 4179 qucdplecet‚nt1umel

267 4218 406 4264 nermcm
433 4198 472 4264 ed
500 4218 612 4283 cerpus
638 4201 762 4284 propris
790 4220 827 4265 nn
852 4201 890 4265 ud
913 4201 1050 4266 animum
1073 4201 1223 4267 translate
1247 4220 1266 4266 e
1286 4220 1395 4285 corpe·

267 4305 385 4370 nulibus
400 4304 439 4370 nd
453 4305 659 4389 incorporalis
674 4306 827 4372 uocabulo
842 4306 999 4372 existimet
1011 4307 1173 4390 pertinere.
1192 4305 1275 4388 Quid
1288 4312 1395 4373 autern

267 4411 379 4477 horum
406 4423 526 4477 neruin>
544 4412 596 4491 sit,
624 4432 673 4479 res
701 4414 771 4497 ipse
797 4414 970 4497 expeditius
996 4413 1157 4492 iudicabit,
1184 4412 1307 4495 qnando
1335 4413 1398 4478 erit

357 4654 374 4710 8
391 4654 473 4710 Eccli.
493 4657 518 4720 7,
538 4656 571 4711 19
626 4658 659 4711 14
677 4657 753 4711 Rom.
772 4657 797 4725 8,
818 4657 851 4711 18

305 4778 468 4833 lerrcrisb
539 4780 603 4850 etsi]
623 4784 682 4834 ete
753 4778 906 4834 credibilius
924 4798 958 4833 m.
978 4781 1045 4833 dire
1061 4794 1150 4833 rese
1226 4778 1289 4832 lin
1308 4794 1397 4847 osny

272 4869 305 4924 12
320 4866 452 4921 uoluntb
505 4866 556 4922 hcc
572 4885 657 4937 usque
676 4869 714 4922 ed
731 4885 836 4922 carnem
855 4886 937 4923 eme
984 4869 1015 4922 16
1034 4884 1141 4937 ccrpcre
1161 4871 1241 4937 eutp
1285 4867 1317 4919 19
1336 4868 1396 4920 sine

268 4972 355 5029 pm.p
434 4954 667 5024 consumationep
729 4957 761 5011 21
782 4957 914 5026 erunibus]
934 4957 967 5010 sb
985 4955 1171 5011 hominibusi>
1232 4956 1268 5009 22
1285 4955 1395 5024 ignore-

269 5043 347 5096 turb
419 5041 582 5097 enimestc
643 5043 789 5113 25ipss9
859 5045 973 5099 model>
1039 5043 1396 5112 lienbepppuquc

270 5129 368 5200 quidb
421 5129 456 5183 28
474 5129 632 5184 uestimete
684 5132 718 5185 29
736 5131 830 5185 herum
848 5148 899 5186 cm.
918 5133 958 5198 e¹,·
975 5148 1084 5200 ornrnp
