3217 6325
235 1285 298 1351 848
571 1278 598 1333 S.
625 1278 777 1332 Aurelii
805 1277 1019 1348 Augustini

234 1473 391 1538 renouatio
416 1472 502 1536 iilius
530 1470 661 1535 aedificii
683 1470 838 1555 significat
864 1470 987 1553 eloquio
1010 1471 1189 1553 prophetico
1217 1472 1352 1537 alterum

234 1579 466 1651 testamentum,
494 1575 577 1657 quod
603 1575 777 1658 appellatur
802 1593 928 1639 nouum.
958 1574 1047 1655 Quod
1070 1594 1143 1659 ergo
1166 1576 1251 1641 Deus
1274 1576 1354 1642 dixit

233 1700 288 1764 per
314 1685 519 1745 memoratum
541 1680 738 1763 prophetam:
766 1681 811 1744 lit
834 1680 926 1745 dabo
948 1698 1073 1762 paoem
1101 1681 1137 1746 in
1159 1680 1240 1747 loco
1263 1682 1351 1759 isto,

234 1806 288 1870 per
310 1785 535 1869 significantem
559 1785 663 1849 locum
686 1785 749 1861 ille,
773 1786 826 1867 qui
846 1803 880 1849 eo
901 1784 1104 1869 significatur,
1123 1785 1352 1871 intellegendus

234 1895 296 1966 est;
329 1895 374 1969 nt,
407 1891 480 1974 quia
510 1891 564 1956 ilio
601 1892 670 1955 loco
706 1892 877 1956 instaurato
918 1890 1092 1975 significata
1126 1894 1176 1957 est
1209 1892 1352 1969 ecclesia,
1382 1917 1396 1958 s

233 2015 312 2080 qnae
339 1997 440 2062 fuerat
465 1996 651 2061 aedificanda
677 2016 732 2080 per
759 1996 927 2075 christum,
955 1996 1032 2061 nihil
1059 1997 1144 2062 aliud
1171 1997 1351 2079 accipiatur,

233 2102 316 2185 quod
347 2102 466 2167 dictum
499 2105 560 2167 est:
592 2102 692 2166 Dabo
724 2121 848 2184 pacem
880 2103 915 2167 in
947 2103 1028 2167 loeo
1060 2103 1145 2181 isto,
1172 2102 1233 2167 nisi
1259 2101 1350 2167 ‘dabo

232 2227 340 2291 pacem
370 2209 402 2272 in
433 2209 513 2284 ioco,
543 2227 634 2290 quem
662 2207 818 2291 significat
842 2209 930 2272 loeus
957 2208 1037 2274 iete‘.
1065 2206 1217 2286 Quoniam
1246 2208 1353 2273 omnia

233 2313 439 2399 significantia
460 2312 606 2377 uidentur
628 2313 759 2394 quodam
782 2313 874 2377 modo
898 2331 1002 2377 earum
1025 2331 1138 2389 rerum,
1157 2331 1235 2395 quae
1254 2313 1351 2397 signi·

232 2417 335 2496 fleant,
371 2418 524 2483 sustinere
558 2436 717 2500 personas3
755 2418 838 2482 sicut
873 2417 992 2482 dietum
1031 2422 1079 2482 eet
1114 2418 1152 2482 ab
1189 2417 1347 2501 apostolo:
1367 2447 1392 2485 ιο

233 2524 342 2591 Petra
365 2527 444 2589 erat
467 2522 648 2598 Christus,
666 2523 810 2606 qnoniam
828 2527 915 2606 petra
937 2523 1001 2601 illa,
1019 2523 1057 2588 de
1075 2543 1137 2606 qna
1153 2524 1212 2588 hoc
1230 2522 1350 2589 dictum

233 2633 291 2710 est,
323 2629 518 2715 significabat
554 2629 663 2711 utique
696 2628 863 2693 Christum.
893 2629 993 2693 Maior
1028 2633 1077 2693 est
1111 2629 1215 2712 itaque
1251 2629 1353 2714 gloria

233 2735 343 2802 domus
375 2735 469 2800 huius
498 2734 574 2800 noui
603 2734 780 2800 testamenti
812 2753 903 2818 quam
940 2734 1052 2806 domus
1087 2734 1196 2817 prioris
1233 2735 1350 2799 ueteris

232 2840 423 2918 testamenti,
456 2842 487 2905 et
517 2843 592 2904 tune
619 2839 780 2923 apparebit
805 2840 904 2904 maior
930 2859 1002 2905 cum
1028 2838 1230 2905 dedicabitur.
1261 2839 1349 2904 Tunc

233 2947 316 3013 enim
338 2946 468 3012 ueniet
489 2945 729 3011 desideratus
747 2945 891 3011 eunctis
914 2946 1099 3030 gentibus,
1126 2945 1211 3010 sicut
1230 2945 1350 3030 legitur
1367 2974 1413 3014 u-

232 3054 264 3119 in
286 3053 438 3119 Hebraeo.
463 3051 543 3116 Nam
570 3051 689 3134 primus
715 3051 782 3116 eius
804 3051 958 3116 aduentus
984 3050 1119 3117 nondum
1141 3053 1208 3116 erat
1229 3049 1350 3115 deside

231 3164 318 3226 ratus
343 3157 488 3225 omnibus
511 3157 666 3243 gentibus.
688 3157 758 3223 Non
780 3156 862 3222 enim
885 3176 976 3239 quem
1003 3156 1151 3224 deberent
1175 3155 1349 3223 desiderare

229 3266 381 3342 sciebant,
416 3264 448 3329 in
484 3281 575 3345 quem
610 3282 669 3328 non
702 3262 902 3327 crediderant
933 3263 1020 3327 Tunc
1051 3263 1145 3328 etiam
1175 3261 1348 3327 secundum

230 3371 431 3457 septuaginta
456 3369 638 3453 interpretes
664 3367 752 3454 (quia
778 3372 810 3434 et
835 3369 902 3452 ipse
925 3367 1124 3452 propheticus
1150 3386 1262 3433 aeneus
1285 3367 1347 3453 est)

229 3478 388 3544 uenient
410 3494 502 3558 quae
525 3476 646 3541 electa
668 3479 755 3539 sunt
772 3474 918 3539 Domini
936 3473 977 3539 de
996 3473 1140 3538 eunctis
1158 3473 1346 3558 gentibue.
1363 3503 1391 3544 eo

228 3582 316 3650 Tunc
352 3581 433 3648 enim
470 3598 543 3645 uere
577 3599 637 3644 non
669 3580 794 3645 uenient
824 3579 884 3643 nisi
915 3578 1024 3658 alceta,
1054 3578 1093 3644 de
1124 3577 1238 3662 quibus
1269 3578 1347 3644 dicit

229 3689 405 3773 apostolus:
434 3686 541 3753 Siout
568 3684 685 3769 elegit
706 3703 770 3748 nos
793 3683 933 3767 inipso
956 3688 1038 3749 ante
1060 3682 1183 3748 mundi
1210 3683 1345 3749 conati·

229 3793 424 3861 tutionem.
447 3792 519 3876 Ipee
542 3790 656 3876 quippe
674 3789 874 3866 architectus,
893 3789 946 3872 qui
964 3788 1052 3854 dixit:
1075 3788 1186 3854 Multi
1208 3787 1344 3865 uocati,

229 3898 337 3986 praeci
365 3916 451 3964 uero
475 3897 597 3973 electi,
625 3914 684 3961 non
708 3894 746 3961 de
767 3895 828 3972 his,
851 3895 905 3978 qui
927 3895 1031 3960 uocati
1057 3894 1103 3960 aie
1125 3898 1285 3972 uenerunt,
1309 3898 1345 3959 ut

228 4004 266 4073 do
299 4003 443 4071 conuiuio
470 4003 689 4087 proicerentur,
720 3999 776 4066 aed
802 3998 840 4065 de
866 4001 975 4066 electis
1001 4000 1267 4065 demonstraturus
1296 4005 1346 4065 eet
1361 4023 1389 4064 ee

227 4110 420 4179 ceditioetam
444 4107 581 4182 domum,
605 4125 684 4188 quas
704 4105 822 4171 nullam
849 4105 968 4170 ruinam
990 4105 1134 4188 deinceps
1154 4104 1344 4170 formidabit

229 4214 316 4283 Neue
345 4217 460 4289 actoru
489 4211 610 4295 quando
638 4218 671 4274 et
696 4211 729 4274 hi
751 4212 871 4294 replent
898 4211 1055 4287 ecclesias,
1084 4229 1162 4300 quoa
1183 4214 1344 4292 tamquam

227 4320 258 4389 ie
286 4338 354 4387 area
379 4317 541 4384 condictio
569 4315 734 4397 separabit,
760 4334 819 4380 non
847 4322 974 4398 apparet
998 4320 1085 4380 muta
1111 4316 1210 4400 gloria
1232 4315 1344 4381 domus

313 4605 459 4675 briga&
480 4604 512 4657 10
574 4602 824 4669 111.cor.10‚4
888 4609 920 4661 15
937 4610 1006 4677 Agg.
1024 4608 1084 4669 2‚8
1141 4605 1341 4676 22pr.1‚4

226 4695 388 4756 28Mt.22,
410 4693 442 4745 14

260 4876 443 4931 binataurata
455 4887 477 4939 p
548 4871 655 4926 daiiud
673 4888 723 4926 om.
742 4874 792 4944 ep¹
880 4843 1054 4947 fgcipiatnrc
1125 4877 1157 4931 12
1175 4876 1341 4946 significate

226 4964 258 5017 16
276 4962 381 5031 priuos
452 4960 509 5011 erat
527 4972 609 5011 orm
698 4961 728 5012 17
749 4963 850 5015 cunctis
868 4980 908 5033 ep
994 4965 1027 5020 18
1045 4963 1341 5026 crediderantacxu

224 5063 333 5108 ουτω
402 5046 433 5099 19
452 5045 555 5113 censue]
575 5061 695 5115 rennop
761 5049 982 5106 20innenicnte
1047 5053 1173 5121 dinero]
1194 5055 1340 5122 autemqo

223 5137 257 5189 26
275 5133 400 5202 deinceps
418 5129 521 5185 formid.
541 5132 641 5185 ruinam
659 5150 675 5186 c
727 5135 761 5189 28
779 5137 859 5192 barca
875 5157 892 5207 y
