3217 6325
289 1288 352 1351 588
624 1275 651 1339 S.
678 1284 833 1339 Aurelii
861 1285 1071 1353 Augustini

288 1479 361 1562 quia
388 1479 443 1543 illa
470 1478 624 1552 caelestia,
652 1478 713 1542 ista
739 1478 906 1548 terrestria.
935 1477 1037 1541 tamen
1065 1496 1194 1560 corpora
1220 1481 1252 1542 ct
1279 1497 1410 1563 corpora

288 1585 442 1668 copulare.

749 1775 884 1841 CAPUT
906 1775 944 1839 V.

333 1918 385 1981 De
413 1917 715 1980 resurrectione
739 1917 882 1993 carnis,
906 1936 1015 1998 quam
1040 1916 1197 1999 qnidam
1220 1913 1363 1981 mundo

607 2022 794 2087 credente
817 2041 890 2086 non
914 2022 1091 2089 credunt.

331 2161 393 2228 Sed
423 2162 483 2227 boc
514 2161 695 2226 incredibile
726 2160 821 2226 luerit
851 2162 1032 2245 aliquando:
1069 2181 1140 2228 ecce
1175 2164 1237 2227 iam
1273 2162 1408 2230 credidit

287 2268 422 2332 mundus
445 2268 603 2333 sublatum
626 2269 783 2331 terrenum
807 2266 923 2333 Christi
947 2286 1059 2351 corpus
1087 2268 1117 2332 iu
1141 2269 1275 2344 caelum;
1305 2289 1407 2334 resur-

287 2372 454 2439 rectionem
483 2373 582 2438 carnis
611 2376 642 2436 et
672 2371 906 2437 adscensionem
933 2373 964 2436 in
988 2392 1137 2456 snpemus
1161 2374 1261 2451 sedes,
1283 2375 1407 2458 paucis-

286 2479 375 2544 simis
397 2477 629 2543 remanentibus
652 2477 752 2560 adque
776 2479 973 2561 stupentibus
996 2481 1047 2543 uel
1071 2480 1171 2545 doctis
1189 2480 1241 2544 nel
1258 2480 1406 2557 indoctis,

287 2584 348 2648 iam
372 2584 567 2648 crediderunt
589 2587 621 2648 et
643 2583 727 2647 docti
749 2587 782 2647 et
803 2583 930 2649 indocti.
963 2584 996 2650 Si
1019 2604 1084 2650 rem
1107 2585 1285 2650 credibilem
1308 2585 1406 2649 credi·
1425 2616 1451 2654 ro

287 2690 407 2767 derunt,
430 2689 557 2754 uideant
579 2707 670 2772 quam
694 2689 756 2753 sint
778 2688 896 2766 stolidi,
920 2690 972 2772 qui
996 2709 1055 2756 nou
1081 2691 1223 2769 credunt3
1249 2692 1277 2756 si
1299 2697 1405 2756 antem

287 2814 335 2859 res
363 2793 551 2858 incredibilis
578 2792 694 2857 credite
722 2795 897 2870 astatium
928 2794 987 2859 boc
1009 2796 1119 2878 utique
1141 2795 1323 2861 incredibile
1347 2802 1405 2863 est.

287 2900 333 2964 sic
356 2898 507 2963 creditum
530 2916 608 2972 esse,
628 2897 710 2980 quod
728 2897 908 2963 incredibile
928 2903 985 2965 est.
1010 2900 1095 2965 Haec
1113 2901 1211 2985 igitur
1228 2901 1290 2967 dno
1308 2902 1404 2965 incre·

287 3005 404 3080 dibilia,
427 3004 682 3070 resurrectionem
706 3004 828 3070 scilicet
851 3006 949 3070 nostri
972 3007 1109 3089 corporis
1132 3008 1162 3071 iu
1186 3010 1346 3071 aeternnm
1373 3011 1405 3071 et

286 3130 350 3176 rem
377 3112 443 3176 tam
468 3110 679 3177 incredibilem
707 3109 857 3177 muudum
884 3130 953 3177 esse
981 3111 1169 3178 crediturum
1201 3112 1283 3178 idem
1306 3110 1403 3191 Deus,
1421 3131 1445 3171 n

288 3221 451 3301 antequem
474 3217 524 3280 uel
549 3234 645 3280 uuum
669 3217 777 3282 borum
802 3216 899 3296 lieret,
919 3218 1010 3283 ambo
1033 3218 1138 3283 lutura
1154 3237 1224 3283 esse
1242 3219 1401 3300 praedixit.

287 3323 390 3389 Unum
416 3322 547 3386 duorum
574 3320 802 3387 incredibilium
832 3324 892 3389 iam
920 3325 1037 3388 lactum
1064 3324 1218 3398 uidemus,
1246 3328 1292 3401 ut,
1320 3323 1403 3407 qnod

287 3434 353 3493 erat
373 3427 563 3506 incredibile,
583 3427 721 3492 crederet
742 3428 891 3493 mundus:
916 3448 996 3510 quur
1017 3429 1049 3494 id
1072 3431 1154 3502 onod
1175 3429 1330 3512 reliquum
1354 3433 1403 3492 est

287 3535 478 3620 desperatur,
510 3538 545 3597 ut
575 3533 669 3596 etiam
699 3533 757 3602 boc
794 3533 909 3609 ueniat,
942 3533 1023 3615 quod
1058 3534 1236 3601 incredibile
1272 3535 1403 3601 credidit

288 3640 432 3718 mundus,
461 3640 543 3705 sicut
568 3638 630 3702 iam
656 3637 753 3715 uenit,
783 3638 868 3720 qnod
895 3638 1039 3703 similiter
1063 3638 1242 3705 incredibile
1267 3641 1338 3717 luit,
1365 3648 1400 3704 ut
1419 3661 1445 3700 so

286 3766 351 3811 rem
378 3750 442 3811 tam
468 3742 679 3810 incredibilem
707 3743 844 3808 crederet
870 3744 1015 3823 mundus,
1038 3744 1160 3827 quando
1187 3746 1311 3829 quidem
1343 3746 1401 3810 bor

287 3856 453 3936 utrumque
480 3849 667 3927 incredibile,
691 3867 822 3931 qnorum
852 3850 994 3915 uidemus
1021 3871 1129 3927 unum,
1151 3854 1283 3917 alterum
1306 3853 1400 3918 credi-

286 3978 369 4033 mus,
387 3958 419 4022 iu
438 3956 554 4021 eisdem
577 3955 691 4020 litteris
715 3955 906 4037 praedictum
931 3957 982 4034 sit,
1002 3977 1150 4041 perquer
1169 3957 1299 4023 credidit
1315 3978 1402 4021 mun·

287 4064 366 4128 dus?
404 4063 445 4126 Et
469 4063 536 4144 ipse
563 4061 685 4138 modus,
710 4079 770 4142 quo
797 4062 932 4127 mundns
961 4062 1099 4140 credidit,
1127 4064 1155 4127 si
1181 4062 1401 4138 consideretur,

285 4168 495 4234 incredibilior
531 4167 694 4231 inuenitur.
735 4166 911 4231 ineruditos
947 4167 1126 4233 liberalibus
1162 4167 1335 4250 disciplinis
1370 4173 1402 4232 et
1418 4189 1445 4229 aa

287 4277 421 4347 omnino,
445 4278 594 4356 quantum
618 4272 656 4337 ad
678 4273 810 4337 istorum
834 4272 990 4337 doctrinas
1012 4273 1139 4351 adtinet,
1162 4272 1320 4357 inpolitcs,
1339 4292 1398 4337 nou

287 4381 402 4461 peritos
425 4356 635 4463 grammatica,
658 4396 716 4441 non
740 4382 875 4448 armatos
898 4377 1069 4452 dialectica,
1093 4395 1149 4443 nou
1177 4378 1330 4443 rhetorica
1355 4379 1386 4442 in

287 4485 387 4562 datos,
414 4485 583 4567 piscatores
611 4482 753 4550 Christus
782 4503 852 4549 eum
880 4485 997 4549 retibus
1028 4483 1098 4548 fidei
1125 4484 1163 4548 ud
1190 4503 1274 4548 mare
1306 4483 1399 4547 buius

375 4673 406 4726 16
426 4672 473 4725 lit.
493 4674 535 4733 26.
558 4672 588 4724 13

322 4800 338 4848 9
357 4795 400 4848 uel
415 4793 530 4848 indoctis
544 4812 593 4848 om.
609 4796 624 4848 b
664 4796 694 4848 lt)
709 4799 736 4846 et
750 4793 821 4847 docti
836 4810 884 4848 om.
898 4796 921 4848 οἱ
959 4795 988 4848 ll
1010 4793 1158 4848 crediderat
1172 4795 1220 4848 dut
1234 4801 1395 4858 (correctura

287 4887 365 4938 iuxta
380 4884 518 4951 poeitolp
587 4884 615 4934 ll
634 4898 671 4948 eq.
690 4880 801 4935 credunt
819 4899 876 4935 ease
895 4883 965 4951 qnod
983 4883 1137 4936 incredibile
1156 4890 1204 4936 est.
1223 4884 1297 4937 Haec
1315 4886 1397 4953 igitur

287 4972 379 5027 cettb
470 4973 500 5024 13
519 4972 540 5023 si
561 4969 687 5023 creditum
704 4986 721 5037 p
809 4972 1041 5026 rosontione
1131 4974 1161 5024 15
1179 4972 1260 5040 idem]
1279 4972 1306 5024 id
1326 4979 1340 5026 e
1360 4972 1399 5025 be

290 5061 321 5112 16
339 5060 430 5113 borum
450 5059 710 5127 abeppo;eorum
728 5057 823 5112 Domb.
877 5058 1053 5129 predidiritp
1090 5061 1119 5113 li
1140 5062 1180 5128 ut]
1201 5066 1253 5113 ete
1288 5059 1397 5114 doluit.

287 5148 388 5202 scilicet
408 5155 437 5199 ut
449 5165 471 5216 p
506 5147 540 5199 23
558 5148 604 5215 sit]
623 5150 665 5198 est
679 5162 710 5214 p,·
728 5162 777 5200 om.
791 5162 837 5214 pp
871 5147 905 5199 24
923 5147 969 5200 aed
988 5149 1077 5216 ipsep
1113 5147 1397 5219 28eedpiscatorcsp
