3217 6325
143 1195 147 1200 Ι
222 1216 285 1277 584
564 1216 590 1266 S.
619 1212 770 1265 Aurelii
798 1208 1010 1278 Augustini

224 1407 345 1481 onmia,-
360 1426 439 1489 quae
462 1406 616 1472 uoluntati
639 1406 706 1471 eius
729 1405 875 1470 uidentur
897 1404 1035 1469 aduersu
1057 1406 1103 1467 Ac
1121 1422 1176 1486 per
1193 1404 1254 1468 hoc
1273 1421 1348 1467 cunr

225 1512 309 1576 Deus
336 1518 457 1576 mutere
484 1512 600 1576 dicitur
625 1513 830 1588 uoluntatem,
858 1513 895 1575 ut
922 1510 1035 1593 quibus
1062 1509 1141 1575 lenis
1167 1515 1240 1574 erut
1257 1509 1349 1574 uerbi

225 1618 325 1702 gratie
347 1617 494 1683 reddatur
515 1618 624 1695 iratus,
644 1617 690 1682 illi
714 1617 819 1701 potius
843 1636 935 1699 quarn
958 1617 1025 1700 ipse
1043 1620 1205 1681 mutentur
1223 1620 1256 1679 et
1273 1634 1348 1680 euin

225 1723 357 1805 quodum
381 1723 473 1788 modo
491 1725 648 1787 mutatum
667 1722 697 1786 in
717 1722 766 1787 hin
785 1742 863 1804 quae
881 1722 1043 1806 patiuntur
1061 1721 1237 1793 inueniunt:
1261 1720 1351 1785 sicut

224 1831 363 1892 mutatur
390 1830 438 1892 sol
466 1828 565 1893 oculis
594 1829 742 1892 sauciatis
770 1834 802 1892 et
829 1844 919 1911 asper
945 1827 1078 1908 quodum
1101 1827 1194 1891 modo
1217 1845 1253 1891 ex
1275 1826 1349 1891 miti
1379 1845 1393 1885 ι

225 1939 256 1997 et
283 1953 318 1999 ex
346 1934 525 1999 delectabili
552 1936 704 1999 molestus
733 1934 877 2009 efficitur,
901 1953 972 1998 oum
995 1934 1063 2016 ipse
1086 1937 1163 2014 aput
1183 1951 1218 1997 se
1240 1932 1347 2015 ipsum

223 2044 347 2103 moneat
368 2040 451 2104 idem
475 2040 527 2122 qui
550 2040 618 2103 fuit.
642 2039 766 2104 Dicitur
788 2040 883 2105 etiarn
906 2038 1053 2104 uoluntas
1073 2037 1140 2116 Dei,
1159 2037 1352 2119 quemfecit

168 2172 171 2178 ·
222 2144 254 2207 in
287 2145 432 2211 cordibus
459 2145 691 2210 oboedientium
718 2145 873 2210 mundatis
900 2146 978 2221 eins,
1005 2144 1043 2208 de
1075 2163 1136 2226 quo
1166 2143 1245 2207 dicit
1275 2161 1350 2225 opo

224 2250 340 2315 stolus:
377 2249 481 2314 Deus
518 2253 580 2315 est
616 2251 727 2327 enim,
760 2252 827 2332 qui
863 2254 1052 2334 operatur
1083 2250 1121 2313 in
1152 2248 1270 2315 uobis
1307 2251 1348 2314 et

224 2356 340 2422 uelle.
364 2355 455 2422 Sicut
476 2357 600 2422 iustitia
618 2357 675 2422 Dei
698 2377 758 2422 non
782 2358 885 2422 solum
909 2376 970 2440 qua
992 2357 1059 2440 ipse
1081 2357 1186 2421 iustus
1204 2358 1254 2420 est
1273 2354 1350 2419 dici·
1370 2375 1396 2413 ιο

223 2466 285 2537 tur,
309 2462 364 2526 sed
391 2463 448 2526 illu
473 2463 567 2528 etism
596 2483 688 2546 quarn
716 2464 747 2527 iu
771 2464 906 2541 bomine,
931 2464 984 2545 qui
1007 2463 1045 2527 ab
1068 2462 1123 2527 illo
1145 2462 1349 2536 iustificetur.

223 2568 313 2634 fucit:
338 2568 383 2633 sic
407 2572 439 2632 et
459 2568 508 2633 lor
532 2569 600 2633 eius
624 2575 764 2646 uocatur,
789 2588 868 2652 quae
890 2570 996 2651 potius
1020 2572 1069 2633 est
1094 2568 1268 2651 hominurn,
1290 2568 1350 2633 sed

223 2674 262 2737 ub
290 2674 358 2757 ipso
387 2673 472 2751 data3
504 2693 575 2739 nem
608 2675 716 2757 utique
744 2675 886 2740 homines
914 2680 1010 2752 erunt,
1033 2676 1148 2757 quibus
1175 2675 1219 2739 ait
1240 2666 1348 2747 Iesus:

224 2780 265 2844 In
296 2780 385 2862 lege
417 2784 555 2845 uentre
587 2782 784 2863 scriptum
811 2786 883 2856 est,
909 2801 982 2845 cuni
1010 2781 1071 2845 ulio
1094 2782 1164 2845 loco
1186 2782 1348 2864 legumus:

226 2885 299 2949 Lex
320 2886 389 2949 Dei
414 2886 501 2949 eius
524 2886 560 2950 in
584 2887 701 2950 corde
725 2888 820 2952 eius.
844 2886 1021 2951 Secundum
1041 2887 1119 2951 huuc
1137 2888 1348 2965 uoluntatem,
1367 2900 1393 2940 1⁸

225 3009 318 3072 quum
342 2989 428 3055 Deus
452 2995 597 3073 operetur
615 2992 650 3056 in
673 2991 863 3068 bominibus,
887 2991 982 3056 etium
1003 2991 1087 3055 nolle
1114 2991 1237 3068 dicitur,
1263 2991 1350 3073 quod

223 3115 284 3160 non
306 3095 373 3179 ipse
397 3096 477 3174 uuit,
496 3096 551 3161 sed
575 3115 650 3162 snos
672 3097 705 3161 id
722 3098 865 3162 uolentes
888 3098 977 3172 fucit3
1001 3098 1085 3162 sicut
1103 3097 1218 3162 dicitnr
1235 3116 1348 3183 cogno·

226 3203 321 3280 uisse,
354 3204 436 3284 quod
468 3208 506 3268 ut
535 3209 775 3288 cognosceretur
810 3204 894 3282 iecit,
930 3224 948 3269 a
984 3205 1098 3287 quibus
1133 3204 1349 3288 ignorabatur.

225 3305 335 3389 Neque
349 3308 431 3373 euim
446 3309 568 3374 umento
585 3309 742 3392 apostolo:
766 3309 876 3375 Nunc
900 3315 1029 3375 autom
1054 3316 1348 3395 cognoscentes

225 3411 356 3487 Deum,
380 3413 494 3478 immo
523 3415 679 3497 cogniti
706 3433 725 3478 a
751 3415 913 3492 Decius
936 3421 985 3480 est
1007 3420 1044 3481 ut
1065 3415 1239 3492 credamus,
1264 3416 1349 3497 quod
1366 3428 1393 3469 2⁰

225 3536 278 3582 eos
310 3522 386 3582 tuno
418 3520 601 3603 cognouerit
627 3519 714 3584 Deus
744 3520 960 3604 praecognitos
990 3527 1064 3591 ,ante
1091 3521 1349 3586 constitutionem

225 3622 345 3698 mundi;
374 3623 429 3688 sed
456 3628 531 3689 tune
553 3626 739 3708 cognouisse
763 3626 867 3690 dictus
891 3630 949 3699 est,
973 3627 1057 3708 quod
1079 3632 1154 3690 tunc
1177 3633 1213 3690 ut
1235 3645 1347 3708 cogno-

225 3735 364 3793 sceretur
386 3729 497 3793 effecit.
534 3730 581 3794 Do
604 3730 652 3795 his
675 3730 870 3796 locutionum
893 3730 994 3796 modis
1016 3732 1078 3796 iuni
1102 3735 1134 3797 et
1155 3732 1185 3796 in
1210 3734 1349 3814 superio·

225 3835 313 3899 ribus
336 3834 427 3898 libris
447 3835 573 3899 memini
597 3836 801 3918 disputatum.
839 3837 1015 3901 Secundum
1038 3837 1117 3902 buno
1140 3857 1213 3923 ergo
1236 3840 1347 3904 uoluu-

225 3945 333 4016 unm,
362 3958 423 4022 qua
449 3940 550 4005 Deum
582 3942 664 4005 uelle
692 3942 826 4007 dicimus
859 3944 940 4025 quod
972 3944 1051 4008 alios
1082 3944 1182 4010 efficit
1208 3946 1302 4020 uelle,
1331 3965 1394 4009 ess

227 4045 340 4127 quibus
363 4045 469 4109 future
490 4046 682 4122 nesciuntur,
706 4048 804 4112 multa
828 4050 899 4112 uult
921 4068 977 4112 nec
998 4049 1084 4114 fucit.

270 4151 372 4214 Multa
394 4149 475 4213 enim
498 4150 610 4214 uolunt
633 4151 697 4215 fieri
721 4153 821 4216 sancti
844 4153 911 4216 eius
934 4154 971 4217 ub
996 4153 1049 4216 illo
1073 4154 1222 4236 inspirate
1239 4161 1348 4220 saneta

227 4257 398 4330 uoluntate,
422 4274 477 4320 noc
500 4256 589 4331 dunt,
609 4257 692 4320 sicut
714 4262 803 4322 oront
820 4277 874 4340 pro
893 4259 1079 4340 quibusdam
1099 4261 1148 4342 pie
1167 4265 1347 4343 sancteque,

314 4514 513 4578 oPni1.2,13
594 4515 778 4579 1410.8,17
860 4519 892 4572 15
910 4518 954 4571 Ps.
974 4519 1015 4582 36,
1034 4520 1066 4573 31
1154 4521 1187 4574 19
1205 4519 1265 4577 Gal.
1283 4524 1346 4587 nt

214 4604 259 4675 &21
282 4603 304 4656 l.
322 4602 394 4656 Potr.
415 4603 438 4664 1,
456 4603 491 4658 20

263 4727 340 4780 2est
358 4747 375 4779 α
418 4727 497 4781 best
514 4728 582 4782 enirn
602 4727 678 4782 codd.
692 4735 803 4796 praem
821 4748 842 4791 ρ,
861 4747 890 4794 o,·
908 4731 977 4782 enim
996 4734 1038 4783 est
1056 4749 1070 4799 ρ
1088 4730 1185 4787 Dorub.
1237 4730 1268 4785 10
1282 4733 1348 4801 quis

229 4813 310 4886 ub’g
347 4818 376 4870 ll
396 4833 433 4886 sq.
454 4833 506 4884 qun
524 4816 557 4871 sb
574 4817 622 4870 illo
641 4818 799 4871 iustificetur
818 4819 907 4871 fectus
924 4818 1009 4872 sicet
1026 4819 1067 4872 lex
1086 4819 1228 4873 uocetnrb
1267 4821 1299 4873 12
1318 4827 1347 4874 et

229 4904 250 4972 fl
270 4905 335 4963 eius.
354 4921 383 4957 er
403 4909 470 4968 (non
487 4905 539 4970 lex)
558 4921 677 4974 eruum
741 4908 772 4959 13
792 4905 857 4959 duta
873 4906 1024 4959 hominibus
1043 4923 1057 4961 e
1120 4909 1151 4961 15
1170 4908 1226 4960 eius
1244 4909 1283 4976 in]
1304 4917 1347 4962 est

229 4994 289 5045 ine
367 4990 582 5062 cordeipsiusc
644 4994 674 5046 17
694 4995 750 5062 ipse
770 5011 855 5046 nono
918 4994 950 5048 18
969 4995 1119 5066 fucitbpn
1180 4996 1347 5067 quusrng

229 5079 316 5134 effecit
334 5080 375 5148 ὑφ
427 5082 460 5133 27
479 5080 536 5134 fleri
554 5097 603 5136 om.
619 5098 640 5150 p
