3217 6325
269 1333 332 1396 408
601 1328 628 1379 S.
658 1326 811 1380 Aurelii
838 1326 1051 1395 Augustini

707 1514 842 1579 CAPUT
868 1514 953 1582 XXI.

266 1659 320 1725 An
348 1657 565 1723 secundum
594 1654 860 1719 definitiones
889 1654 1104 1743 Scipionis,
1133 1678 1230 1740 qnae
1252 1659 1391 1725 indis·

267 1768 359 1851 logo
393 1762 600 1830 Ciceronis
632 1765 734 1836 sunt,
767 1779 944 1843 umquam
977 1761 1103 1827 inerit
1129 1763 1296 1828 Romana
1326 1785 1391 1831 res

742 1867 915 1949 publica.

312 2010 506 2095 Quapropter
536 2028 617 2073 nuno
650 2013 699 2072 est
728 2010 829 2086 locus,
860 2012 898 2073 ut
928 2029 1019 2092 qnam
1053 2016 1159 2093 potero
1191 2013 1328 2079 breuiter
1353 2034 1391 2081 no
1418 2037 1432 2077 s

267 2117 404 2184 dilucide
436 2117 604 2198 expediam,
637 2115 719 2197 quod
750 2116 780 2179 in
814 2115 949 2179 secundo
980 2117 1074 2182 huius
1106 2119 1208 2202 operis
1234 2121 1312 2186 libro
1340 2141 1391 2186 me

268 2226 551 2290 demonstratumm
582 2240 651 2285 esse
678 2220 817 2304 promisi,
847 2221 1016 2285 secundum
1044 2221 1248 2303 definitiones,
1275 2227 1390 2309 quibus

267 2336 344 2415 aput
375 2330 552 2395 Ciceronem
584 2328 685 2393 utitur
711 2326 815 2410 Scipio
846 2328 992 2392 inlibris
1019 2327 1057 2392 de
1084 2330 1274 2412 republica,
1302 2352 1391 2397 num·

268 2456 361 2521 qnam
397 2454 462 2499 rem
499 2433 655 2516 publicam
692 2433 791 2498 fuisse
828 2433 1006 2498 Romanam.
1039 2434 1182 2500 Breuiter
1212 2437 1292 2501 enim
1323 2459 1391 2504 rem

268 2542 425 2627 publicam
449 2540 556 2605 definit
582 2558 649 2605 esse
677 2560 740 2603 rem
770 2540 887 2624 populi,
915 2538 1001 2619 Quae
1024 2539 1162 2606 definitio
1185 2542 1213 2606 si
1234 2562 1310 2608 nera
1330 2549 1391 2624 est,
1410 2568 1436 2608 ιο

268 2666 438 2730 numquam
470 2645 529 2710 init
559 2647 698 2711 Rotnma
724 2666 773 2710 res
801 2645 936 2728 publica,
964 2645 1038 2728 qnia
1065 2666 1236 2730 numquam
1258 2649 1320 2715 init
1340 2670 1391 2716 res

266 2753 386 2837 populi,
414 2772 506 2835 quam
538 2752 746 2817 definitionem
774 2752 877 2816 uoluit
899 2771 968 2817 csse
990 2751 1035 2816 rei
1058 2752 1211 2834 publicae.
1234 2754 1391 2838 Populum

269 2859 350 2923 enim
383 2877 452 2923 esso
483 2856 625 2922 deliniuit
656 2861 779 2922 coetum
810 2857 1023 2923 multitudinis
1058 2858 1135 2924 iuris
1170 2878 1323 2927 consensu
1358 2865 1392 2927 et

268 2965 416 3030 utilitatis
443 2965 658 3029 communione
686 2964 851 3028 sociatum.
878 2962 961 3043 Quid
983 2966 1089 3029 antem
1112 2964 1195 3029 dicet
1220 2965 1297 3031 iuris
1321 2985 1391 3031 eon·

269 3090 406 3148 sensum,
443 3069 628 3155 disputando
664 3069 806 3153 explicat,
842 3089 899 3152 per
933 3070 993 3135 hoc
1024 3070 1189 3136 ostendens
1220 3074 1286 3155 geri
1322 3074 1389 3139 sine
1409 3098 1435 3137 n

268 3179 392 3243 institia
419 3186 478 3241 non
506 3196 597 3259 posse
624 3195 688 3240 rem
716 3176 887 3259 publieam3
916 3176 970 3240 nbi
993 3196 1066 3261 ergo
1088 3178 1212 3243 institia
1232 3199 1308 3244 uem
1328 3200 1388 3246 non

269 3288 328 3361 est,
355 3303 412 3349 nec
439 3285 489 3348 ius
516 3286 622 3366 potest
648 3301 727 3346 esse.
757 3279 848 3360 Quod
876 3283 956 3346 enim
983 3283 1050 3347 iure
1072 3283 1117 3362 fit,
1143 3286 1282 3367 proiecto
1304 3287 1389 3352 iuste

268 3390 318 3465 fit;
352 3390 434 3473 qnod
462 3395 565 3454 autem
593 3388 629 3454 fit
656 3384 780 3463 iniuste,
814 3408 870 3453 nec
896 3389 962 3453 iure
984 3389 1051 3455 fieri
1079 3393 1191 3474 potest
1213 3392 1283 3456 Non
1306 3393 1388 3457 enim

268 3496 337 3561 iura
369 3495 499 3560 dicenda
530 3497 604 3560 sunt
633 3495 685 3559 nel
716 3494 853 3576 putanda
882 3495 989 3577 iniqua
1019 3496 1180 3562 hominnm
1207 3498 1389 3575 constituta,

270 3621 340 3667 eum
363 3602 443 3667 illud
466 3601 559 3666 etiam
582 3600 643 3684 ipsi
666 3600 715 3675 ius
738 3619 808 3665 esse
835 3601 949 3675 dicant,
977 3601 1060 3683 qnod
1082 3602 1120 3666 de
1141 3603 1282 3668 iustitiae
1303 3604 1389 3669 toute
1406 3626 1434 3668 se

269 3708 452 3785 manauerit,
473 3707 650 3788 salsumque
673 3725 751 3783 osse,
780 3706 862 3787 qnod
885 3724 904 3769 a
925 3705 1111 3788 quibusdam
1134 3727 1193 3772 non
1215 3710 1299 3772 recte
1321 3728 1389 3773 sen·

143 3847 146 3852 ·
269 3813 420 3878 tientibus
453 3811 513 3877 dici
545 3813 635 3888 solet,
666 3811 698 3875 id
727 3830 794 3876 esse
826 3811 885 3887 ius,
917 3811 999 3894 qnod
1027 3812 1064 3890 ei,
1096 3813 1148 3894 qni
1177 3814 1250 3895 plus
1272 3818 1388 3897 potest,

270 3918 349 3984 utile
372 3921 430 3982 est.
459 3916 611 3998 Quocirca
637 3916 691 3981 ubi
717 3935 776 3981 non
804 3920 854 3982 est
878 3935 952 3980 nera
974 3917 1107 3992 institia,
1134 3917 1212 3983 iuris
1234 3938 1387 3985 consensu

271 4025 409 4090 sociatus
433 4029 540 4088 coetus
562 4023 722 4087 hominnm
745 4041 805 4087 non
827 4026 933 4105 potest
954 4042 1024 4087 esse
1042 4024 1160 4089 ntideo
1178 4043 1234 4089 uec
1252 4027 1395 4108 populus

270 4131 356 4194 iuxta
385 4130 472 4194 illam
504 4129 657 4213 Scipionis
689 4130 741 4192 uel
772 4128 930 4194 Ciceronis
961 4129 1184 4206 definitionem
1216 4133 1248 4196 et
1274 4132 1301 4195 si
1327 4143 1386 4196 non
1404 4155 1431 4197 ss

271 4237 417 4320 populus,
440 4254 562 4300 necros
584 4235 702 4319 populi,
725 4233 779 4299 sed
803 4235 1039 4318 qualiscumque
1061 4236 1281 4314 multitudinis,
1308 4256 1387 4320 quae

272 4343 380 4426 populi
408 4343 529 4406 nomine
557 4341 648 4424 digua
670 4359 730 4405 non
754 4345 813 4406 est.
840 4341 885 4405 Ac
907 4360 963 4423 per
983 4341 1052 4418 hoc,
1076 4341 1103 4404 si
1124 4342 1316 4425 respublica
1337 4360 1386 4407 res

274 4451 323 4512 est
345 4446 452 4530 populi
475 4451 506 4510 et
528 4446 662 4529 populns
684 4465 743 4511 non
767 4450 825 4523 est,
849 4447 903 4528 qui
925 4465 1078 4511 consensu
1100 4466 1159 4511 non
1183 4449 1320 4513 sociatus
1339 4450 1389 4512 est

273 4553 361 4631 iuris,
384 4570 442 4619 non
466 4555 515 4615 cst
537 4552 722 4629 antemius,
750 4552 805 4614 ubi
827 4551 912 4616 nulls
933 4553 1056 4616 iustitia
1077 4556 1138 4617 est:
1161 4553 1270 4636 procul
1292 4552 1385 4617 dnbio

274 4657 441 4742 colligitur,
464 4657 519 4722 ubi
536 4657 657 4721 iustitia
674 4676 733 4721 non
752 4662 810 4735 est,
834 4676 893 4721 non
911 4671 981 4722 esse
995 4677 1060 4722 rem
1077 4658 1242 4741 publicam.
1261 4659 1387 4723 Iustitia
1404 4683 1431 4724 ao

361 4883 377 4934 6
397 4898 418 4933 c.
438 4882 469 4933 21
527 4882 558 4934 13
576 4879 609 4934 ci.
627 4879 640 4933 I
658 4897 683 4949 p.
702 4881 743 4943 90,
763 4881 797 4935 23
816 4898 872 4951 sqq.

310 5023 326 5075 5
345 5026 379 5074 et
390 5020 414 5104 οἳ
501 5021 517 5073 9
534 4984 734 5077 inisse...rem
752 5022 884 5090 publicam
904 5024 935 5076 in
951 5040 1034 5092 uturp.
1054 5041 1067 5076 c
1155 5025 1236 5092 enini-l
1260 5028 1349 5077 sutem
1363 5041 1384 5092 p

278 5106 311 5162 10
330 5105 484 5177 defininitp
554 5107 586 5161 18
604 5113 692 5161 nutem
711 5126 760 5162 om.
780 5110 831 5179 e¹p
918 5111 1015 5164 iniuste
1033 5113 1064 5164 fit
1076 5129 1099 5180 p
1186 5114 1220 5166 ‘20
1237 5112 1386 5175 institisset

278 5195 353 5261 (ιηῖ)
369 5211 386 5262 p
439 5196 472 5249 28
491 5194 581 5265 populi
600 5199 672 5256 esto
