3217 6325
288 1245 352 1310 628
629 1239 656 1295 S.
683 1236 838 1293 Aurelii
864 1236 1076 1306 Augustini

287 1438 388 1522 genda
419 1442 513 1515 esset,
550 1436 729 1506 ostenderet
760 1435 884 1502 dicens:
918 1432 1145 1515 lugeamnr
1175 1432 1213 1501 in
1244 1436 1327 1502 illo
1361 1455 1431 1519 per

289 1545 429 1622 omnia,
458 1544 525 1627 qui
553 1547 616 1609 est
642 1545 764 1626 capnt
790 1538 997 1614 christum
1025 1557 1068 1604 en
1091 1558 1168 1621 quo
1190 1544 1323 1608 totum
1348 1561 1428 1608 cor·

287 1671 360 1737 pus
398 1668 584 1715 conexum
626 1653 664 1715 et
699 1648 938 1730 conpactum
978 1663 1047 1728 per
1082 1655 1232 1713 omnem
1266 1650 1427 1715 tactum

288 1756 693 1823 subministrationis
716 1752 932 1820 secundum
955 1752 1235 1834 operationem
1258 1754 1298 1820 iu
1323 1775 1427 1822 meu·

287 1880 418 1929 suram
445 1861 773 1945 uniuscuiusque
799 1857 939 1945 partis.
973 1855 1064 1923 sicut
1090 1876 1164 1943 ergo
1192 1862 1244 1925 est
1271 1880 1427 1928 mensura
1454 1881 1470 1925 s

286 1970 536 2052 uniuscuiusque
563 1969 671 2052 partis,
698 1967 744 2031 ita
769 1966 870 2032 totius
897 1963 1046 2047 corpeus,
1074 1964 1158 2048 quod
1181 1964 1331 2033 omuibus
1356 1969 1426 2034 suis

285 2076 427 2161 partibus
459 2076 593 2151 constat,
631 2078 683 2138 est
712 2071 823 2155 utique
853 2088 1001 2135 mensura
1030 2069 1245 2155 plenitudinis,
1283 2071 1323 2138 de
1362 2094 1427 2159 qua

286 2181 406 2247 dlotum
434 2182 500 2245 est:
531 2179 572 2243 lu
595 2197 820 2244 mensuram
843 2176 991 2242 aetatis
1013 2176 1289 2258 plenitudinis
1313 2178 1425 2246 chri·

286 2287 351 2352 sti.
376 2283 481 2366 Quam
508 2283 736 2369 plenitudinem
763 2283 856 2348 etiam
883 2283 940 2349 illo
968 2283 1228 2349 commemorauit
1252 2284 1338 2362 loco,
1367 2286 1425 2352 ubi

286 2393 332 2458 ait
359 2391 397 2457 de
427 2390 568 2457 Christo:
602 2389 651 2456 llt
679 2390 810 2473 ipsum
842 2388 955 2454 dedit
985 2391 1107 2473 caput
1136 2406 1256 2474 super
1288 2392 1493 2459 omniane>

285 2498 502 2574 ecclesiae,
534 2515 635 2580 quae
668 2501 729 2561 est
761 2514 907 2578 corpus
940 2494 1039 2573 eius,
1070 2495 1286 2580 plenitudo
1319 2497 1422 2577 eius,

286 2606 354 2689 qui
391 2604 522 2670 omniu
555 2603 594 2668 in
631 2602 815 2667 omnibus
851 2601 1042 2686 inpletur.
1080 2600 1198 2668 Verum
1228 2603 1257 2669 si
1287 2603 1350 2670 luoc
1382 2606 1422 2671 ad

285 2708 522 2776 resurrectionis
549 2708 692 2786 formam,
723 2707 755 2771 in
784 2726 846 2790 qua
876 2708 936 2772 erit
961 2708 1190 2792 unusquisque,
1221 2709 1421 2778 referendum

284 2818 379 2892 esset,
404 2813 482 2898 quid
508 2833 566 2880 nos
592 2813 747 2896 inpediret
778 2813 938 2880 nominato
969 2814 1039 2879 uiro
1066 2813 1249 2900 intellegere
1277 2819 1311 2881 et
1330 2816 1421 2883 femi-

284 2940 365 3000 nam,
396 2924 432 2986 ut
464 2920 567 2986 uuum
599 2939 654 3003 pro
682 2919 808 2985 homine
835 2920 975 3003 positum
1001 2919 1238 3001 acciperemus?
1270 2921 1359 2986 sicut
1388 2923 1420 2988 In
1439 2937 1466 2980 ss

287 3045 324 3093 eo
351 3025 435 3109 quod
464 3025 673 3091 dictumest:
701 3024 853 3090 Beatus
879 3027 943 3091 uir
961 3025 1037 3092 nui
1059 3025 1177 3092 timot
1198 3025 1420 3107 Dominum,

284 3133 396 3217 utique
419 3132 464 3199 ibi
485 3135 561 3198 sunt
583 3135 615 3197 st
637 3131 780 3210 feminae,
804 3150 885 3216 quae
907 3132 1021 3198 tinient
1042 3131 1223 3208 Dominum.

708 3323 844 3392 (IAPU'I
862 3324 995 3391 XVIIII.

261 3448 396 3547 -Quod
429 3466 558 3532 omnia
590 3465 774 3549 corporis
801 3466 916 3548 uitia,
949 3464 1113 3549 quaein
1140 3466 1211 3532 hac
1240 3466 1329 3533 uita
1356 3469 1420 3534 hu·

286 3593 397 3639 mano
425 3573 630 3638 contrarIa
658 3578 751 3637 sunt
778 3572 925 3648 decori,
954 3572 991 3637 in
1015 3572 1319 3638 resurrectione
1341 3593 1417 3641 non
1436 3606 1465 3648 ss

289 3679 372 3744 sint
402 3679 551 3755 futura,
589 3678 655 3743 ubi
686 3682 870 3744 manente
901 3677 1080 3742 nuturuli
1112 3678 1349 3745 substantia
1380 3681 1418 3746 iu

285 3804 400 3849 unam
441 3783 791 3868 pulchritudinem
833 3788 872 3849 et
912 3783 1092 3867 qualitas
1129 3790 1344 3851 concurret
1380 3792 1420 3852 et

738 3890 958 3974 quantitas.

331 4027 413 4107 Quid
440 4028 504 4094 ianr
531 4028 735 4114 respondeam
764 4030 802 4095 ds
830 4030 952 4113 capillis
975 4030 1077 4114 adque
1100 4031 1284 4117 unguibus?
1313 4031 1418 4100 Semel

284 4133 399 4218 quippe
434 4133 594 4199 intellecto
630 4135 677 4200 ita
711 4134 791 4200 nihil
826 4134 998 4219 periturum
1036 4155 1106 4202 esse
1138 4136 1176 4202 ds
1207 4156 1345 4222 corpore,
1382 4145 1420 4205 ut
1435 4171 1463 4212 ς

285 4236 422 4303 delorms
445 4237 525 4303 nihil
548 4240 591 4303 sil
613 4241 645 4305 In
668 4259 805 4324 corpore,
825 4241 921 4306 simul
938 4241 1135 4327 intellsgItur
1153 4262 1199 4321 ea,
1218 4263 1298 4326 quaa
1317 4244 1417 4312 delor-

283 4362 366 4408 msm
390 4343 510 4410 iactura
531 4338 655 4410 inerant
677 4346 902 4425 enormitatem,
925 4367 1049 4413 massae
1070 4348 1132 4431 ipsi
1151 4366 1318 4414 accessura
1335 4370 1416 4430 esse,

374 4533 407 4586 10
425 4531 495 4603 Eph.
516 4535 540 4598 l,
558 4533 593 4588 22
611 4550 651 4603 sq.
707 4535 740 4588 16
758 4535 801 4588 Pa.
823 4537 881 4599 111,
902 4538 915 4589 l

318 4655 534 4724 Beonpunctum
555 4657 580 4726 p¹
642 4660 754 4730 tactum]
776 4661 911 4731 ptuterut
964 4661 1078 4715 iunius
1096 4679 1166 4731 quaa
1181 4678 1201 4732 p
1258 4668 1300 4718 est
1318 4680 1418 4734 ergon

284 4744 527 4814 dunInscuinsque
544 4746 818 4815 usqacudmensura
830 4749 847 4802 I.
865 4750 976 4805 7oor.b
1013 4749 1145 4806 Schristi
1159 4751 1241 4808 ont
1278 4753 1312 4807 10
1326 4755 1419 4808 omnia

284 4831 411 4885 eeclesiae
426 4847 463 4901 ep
468 4849 489 4901 p
499 4849 527 4899 o,·
547 4833 618 4887 omni
637 4834 750 4889 eeclesia
764 4853 795 4901 α,·
814 4853 918 4891 omnem
937 4838 1076 4892 ecclesiam
1092 4856 1111 4892 a
1121 4840 1161 4909 tp
1174 4839 1278 4910 scapus.
1291 4840 1416 4912 Frusino.

282 4919 379 4979 Doni.
449 4921 664 4996 llqua·.e‘e.t
733 4924 918 4994 ldiulnocp
986 4928 1019 4980 lii
1038 4925 1128 4998 Quod]
1149 4930 1189 4984 An
1203 4946 1225 4999 p
1296 4933 1416 5000 corporis

283 5032 402 5174 membr:
417 5033 575 5134 uitiaqnep
632 5037 667 5091 24
685 5039 749 5106 etp
807 5039 842 5094 26
859 5039 1053 5111 intellegentur
1065 5059 1088 5111 p
1151 5044 1185 5099 27
1204 5044 1257 5115 ipsi
1268 5062 1301 5116 93
1317 5047 1365 5108 ibi,
1383 5047 1417 5101 tn

284 5137 365 5191 Wl-
415 5137 511 5191 ΨΜ)
