3217 6325
303 1282 369 1347 330
641 1280 666 1333 S.
693 1279 848 1332 rturelii
874 1278 1089 1348 Augustini

302 1474 474 1551 iactauerit,
507 1473 628 1555 quando
656 1492 712 1538 nec
739 1473 901 1557 Aegyptus
928 1474 1097 1550 inuenitur,
1128 1491 1206 1555 quae
1234 1474 1315 1538 solet
1345 1473 1430 1540 falso

303 1582 334 1642 et
360 1579 491 1643 inaniter
513 1579 551 1643 de
575 1599 701 1643 suarum
726 1579 935 1643 doctrinarum
960 1581 1145 1661 antiquitate
1169 1580 1304 1664 gloriari,
1329 1580 1430 1662 quali-

302 1702 434 1768 cumque
480 1685 632 1768 sapientia
677 1703 734 1748 sua
782 1684 1027 1767 patriarcharum
1072 1690 1246 1750 nostrorum
1285 1689 1430 1767 tempore

301 1790 498 1871 praeuenisse
522 1790 715 1871 sapientiam.
743 1789 853 1871 Neque
876 1790 957 1853 enim
985 1790 1150 1871 quisquam
1174 1790 1275 1853 dicere
1297 1789 1430 1854 audebit

302 1895 488 1963 mirabilium
526 1895 760 1977 disciplinarum
795 1915 848 1960 eos
880 1896 1087 1978 peritissimos
1118 1896 1228 1970 fuisse,
1260 1899 1429 1977 antequam
1457 1920 1471 1962 ι

299 2001 421 2066 litteras
444 2005 580 2079 nossent,
608 2001 641 2065 id
665 2005 723 2075 est,
747 2005 913 2083 antequam
935 2002 996 2066 Isis
1021 2020 1056 2065 eo
1079 2002 1221 2066 uenisset
1243 2020 1359 2083 easque
1379 2001 1427 2066 ibi

301 2106 468 2171 docuisset.
491 2108 565 2189 Ipsa
587 2126 676 2190 porro
700 2126 806 2171 eorum
826 2107 1037 2171 memorabilis
1056 2107 1204 2182 doctrina,
1224 2125 1302 2188 quae
1321 2103 1428 2189 appel-

299 2213 363 2277 lata
394 2216 442 2276 est
475 2213 636 2295 sapientia,
669 2213 744 2295 quid
777 2218 842 2277 erat
874 2214 933 2277 nisi
961 2212 1092 2276 maxime
1125 2212 1312 2276 astronomia
1340 2218 1372 2275 et
1399 2211 1428 2274 si

300 2317 375 2399 quid
402 2317 487 2383 aliud
513 2318 624 2397 talium
653 2317 887 2401 disciplinarum
914 2319 1014 2401 magis
1043 2318 1082 2382 ad
1109 2317 1275 2382 exercenda
1301 2316 1429 2400 ingenia

297 2442 392 2504 quam
426 2423 465 2487 ad
491 2423 720 2488 inluminandas
750 2443 825 2488 uera
856 2423 1009 2505 sapientis
1035 2429 1154 2487 mentes
1186 2425 1267 2487 solet
1297 2422 1426 2486 ualere?
1446 2446 1469 2484 re

297 2527 378 2592 Nam
400 2528 484 2609 quod
508 2528 628 2593 adtinet
650 2529 688 2593 ad
711 2529 952 2611 philosophiam,
976 2547 1111 2612 quaese
1135 2528 1245 2594 docere
1263 2529 1428 2611 profitetur

297 2634 425 2718 aliquid,
462 2635 543 2699 unde
574 2634 650 2698 fiant
682 2636 823 2699 homines
855 2636 948 2711 beati,
982 2636 1064 2699 circa
1095 2639 1236 2717 tempora
1266 2633 1426 2711 Mercurii,

297 2758 388 2821 quem
412 2739 651 2822 Trismegistum
674 2745 877 2817 uocauerunt,
906 2742 936 2803 in
960 2740 1024 2804 illis
1047 2742 1136 2804 terris
1161 2741 1228 2804 eius
1252 2740 1337 2804 modi
1359 2743 1426 2803 stu·

295 2845 347 2911 dia
373 2845 559 2920 claruerunt,
591 2846 682 2928 longe
714 2846 841 2927 quidem
869 2850 938 2909 ante
967 2847 1122 2928 sapientes
1146 2846 1198 2908 uel
1220 2845 1425 2927 philosophos

297 2949 453 3028 Graeciae,
474 2950 528 3014 sed
547 2954 650 3013 tamen
670 2955 742 3033 post
759 2952 916 3015 Abraham
935 2955 967 3013 et
984 2952 1071 3015 Isaac
1092 2955 1123 3015 st
1141 2951 1233 3014 lacoh
1253 2955 1285 3014 et
1299 2950 1424 3031 Ioseph,
1443 2968 1468 3009 n

294 3057 442 3120 nimirum
470 3056 563 3120 etiam
591 3062 664 3137 post
685 3058 789 3140 ipsum
813 3056 954 3138 Moysen.
984 3058 1028 3121 llo
1052 3057 1165 3139 quippe
1189 3060 1338 3138 tempore,
1363 3075 1424 3137 quo

295 3160 421 3244 Moyses
447 3165 540 3226 natus
564 3166 621 3238 est,
650 3161 748 3228 luisse
777 3162 929 3245 reperitur
955 3162 1064 3227 Atlans
1092 3162 1145 3226 ille
1170 3182 1301 3245 magnus
1324 3168 1422 3228 astro·

296 3268 400 3351 logus,
435 3268 614 3334 Promethei
645 3269 747 3347 frater,
789 3272 949 3333 maternus
986 3289 1065 3333 auus
1100 3269 1248 3333 Mercurii
1285 3270 1422 3343 maioris,

296 3374 386 3437 cuius
409 3393 505 3456 nepos
528 3374 588 3438 fuit
611 3374 836 3459 Trismegistus
860 3375 920 3439 iste
942 3375 1125 3442 Mercurius.

716 3563 851 3630 carun
873 3560 1002 3628 xxxx.
1441 3607 1467 3647 „

297 3702 352 3767 De
392 3704 680 3788 Aegyptiorum
728 3705 1040 3771 mendacissima
1084 3705 1277 3781 uanitate,
1325 3724 1423 3787 quae

296 3809 539 3890 antiquitati
562 3811 761 3876 scientiae
785 3830 879 3875 suae
902 3813 1059 3875 centum
1082 3811 1198 3874 milia
1221 3809 1424 3874 adscribit

761 3935 959 3982 annorum.

339 4053 468 4117 Frustra
502 4053 609 4134 itaque
644 4056 818 4120 nouissima
853 4055 1083 4138 praesumtione
1121 4056 1260 4139 garriunt
1293 4055 1420 4137 quidam

296 4160 445 4237 dicentes,
478 4178 513 4222 ex
546 4179 606 4241 quo
640 4164 804 4244 Aegyptus
837 4161 988 4225 rationem
1020 4160 1156 4225 siderum
1189 4143 1464 4242 conprehendique

295 4266 429 4347 amplius
462 4284 554 4345 quarn
586 4271 711 4330 centum
743 4285 892 4330 annorum
924 4266 1012 4329 milia
1043 4267 1206 4331 numerari.
1239 4267 1273 4330 In
1306 4266 1421 4346 quihus

297 4371 377 4435 euim
402 4370 491 4435 libris
514 4370 611 4435 istum
634 4391 797 4435 numerum
819 4372 1021 4455 collegerunt,
1046 4372 1098 4453 qui
1117 4392 1177 4435 non
1196 4373 1331 4443 multum
1350 4375 1421 4434 ante

296 4474 443 4541 annorum
477 4476 537 4541 duo
569 4478 656 4541 milia
686 4478 806 4542 litteras
840 4479 988 4561 magistra
1019 4478 1102 4542 Iside
1130 4479 1322 4542 didicerunt?
1350 4476 1419 4541 Non

296 4583 378 4646 euim
405 4601 522 4664 paruus
549 4587 657 4647 auctor
685 4589 733 4648 est
760 4585 790 4648 in
820 4584 951 4648 historia
973 4584 1080 4660 Varro,
1108 4585 1161 4665 qui
1189 4585 1246 4646 hoc
1274 4582 1419 4664 prodidit,

332 4842 444 4911 iporro
464 4842 600 4912 appellata
619 4847 661 4896 est
679 4859 768 4896 eorum
785 4862 803 4912 c
869 4844 972 4911 8quae
991 4843 1054 4911 quid
1071 4861 1088 4911 q
1159 4844 1192 4913 si]
1212 4844 1289 4911 hisp
1343 4841 1419 4896 9ἀί-

296 4928 467 5023 sciplinarum
486 4929 608 4983 doctrina
621 4947 643 4998 p
684 4932 716 5024 ld
735 4932 824 4985 ualere
843 4932 946 4984 soleto
983 4932 1013 4983 ll
1034 4931 1144 4985 Atlaso
1184 4933 1217 4985 22
1236 4930 1364 4984 adscribit
1380 4930 1423 4999 qt*

296 5053 330 5106 24
349 5029 515 5122 'grauissima
534 5053 565 5106 in
587 5070 671 5122 marc.
688 5034 843 5115 uanissima,
863 5071 877 5106 e
981 5055 1015 5106 25
1039 5053 1231 5123 conprehendit
1248 5056 1387 5123 Aegyptus
1405 5070 1421 5106 u

297 5140 496 5210 conprehendat
513 5141 537 5194 e¹
591 5141 626 5196 28
644 5141 732 5210 isidel,
752 5160 776 5195 ιιι
796 5159 908 5213 erus.,9
