3217 6325
228 1288 294 1353 524
571 1284 599 1340 Β.
625 1284 780 1340 Aurelii
806 1283 1021 1355 Augustini

683 1476 818 1542 CAPUT
842 1476 896 1541 VI.

231 1618 333 1698 Quod
365 1638 435 1685 uon
463 1617 584 1685 omnia
609 1618 790 1683 miracula
817 1618 1004 1683 naturalia
1030 1618 1116 1699 aiut,
1147 1619 1211 1686 sod
1238 1620 1357 1704 plera·

230 1746 299 1811 que
321 1727 477 1792 humano
500 1725 649 1809 ingenio
672 1723 900 1802 modificata,
927 1724 1105 1810 pleraque
1128 1732 1250 1791 autem
1274 1726 1356 1792 dae

554 1850 697 1897 monum
721 1833 799 1896 arte
823 1832 1028 1915 conposito.

270 1971 332 2039 llic
366 1972 445 2040 forte
481 1971 702 2055 respondeant:
747 1970 881 2037 Prorson
917 1989 974 2036 uec
1004 1972 1069 2037 ista
1099 1974 1175 2037 suut
1204 1991 1262 2037 uec
1293 1973 1357 2038 ista
1386 1996 1400 2035 e

228 2078 398 2154 oredimus,
421 2079 502 2144 falsa
524 2077 562 2142 de
580 2077 630 2142 his
649 2076 742 2153 dicta,
760 2076 840 2141 falsa
858 2077 1035 2160 conscripta
1052 2082 1149 2152 suut‘;
1169 2079 1202 2142 et
1219 2076 1357 2143 adiciant

226 2185 446 2250 ratiocinantes
473 2184 574 2266 adque
602 2182 755 2248 diceutes:
783 2181 828 2249 “Si
849 2184 926 2248 talia
953 2183 1104 2249 credenda
1126 2185 1210 2263 suut,
1237 2184 1356 2250 credite

228 2292 260 2357 et
285 2309 344 2357 uos
372 2290 456 2373 quod
481 2291 513 2355 iu
537 2289 662 2356 easdem
688 2289 811 2355 litteras
839 2293 889 2354 est
909 2290 1055 2368 relatum,
1081 2290 1182 2355 fuisso
1208 2290 1262 2356 uel
1284 2309 1356 2357 esse

227 2396 382 2481 quoddam
405 2395 535 2462 Veneris
569 2397 678 2462 fenum
714 2396 815 2480 adque
852 2395 897 2461 ibi
933 2395 1154 2462 candelabrum
1190 2398 1224 2462 et
1253 2396 1286 2461 in
1319 2415 1355 2463 eo

225 2504 385 2569 lucernam
411 2502 472 2569 sub
503 2501 577 2568 diuo
609 2502 656 2568 sic
688 2502 857 2579 ardentem,
889 2503 926 2567 ut
958 2520 1025 2567 eam
1054 2502 1141 2567 nulla
1170 2504 1355 2585 tempestas,
1375 2527 1401 2567 ιο

227 2609 334 2675 nullus
355 2607 456 2674 imber
477 2607 698 2693 exstingueret,
716 2607 901 2691 unde-sicut
918 2607 972 2673 ille
989 2607 1081 2692 lapis,
1100 2607 1146 2673 ita
1162 2607 1226 2673 ista
1242 2607 1357 2694 λύχνος

227 2711 382 2797 ἄσβεστος,
404 2713 438 2779 id
459 2716 509 2779 est
530 2713 657 2779 lucerna
681 2713 957 2798 inexstinguibilis,
985 2714 1144 2780 nominata
1171 2714 1241 2779 ost)
1263 2709 1357 2791 Quod

226 2821 390 2903 propterea
423 2821 571 2902 poterunt
605 2818 722 2896 dicere,
758 2823 796 2883 ut
830 2819 1036 2903 respondendi
1071 2819 1162 2885 nobis
1192 2818 1356 2904 angustias

226 2921 381 3009 ingerant3
409 2925 483 3008 quio
509 2925 537 2990 ei
564 2924 732 2992 dixerimus
755 2944 816 2989 nou
839 2944 910 2991 esse
934 2925 1132 3003 credendum,
1160 2925 1279 3010 scripta
1299 2925 1357 2992 illa

226 3030 448 3109 miraculomm
473 3029 715 3109 infirmabimus,
742 3031 771 3096 si
797 3034 903 3096 autem
927 3030 1115 3097 credendum
1137 3049 1207 3097 osso
1229 3049 1356 3096 couoos-
1375 3057 1407 3096 u-

226 3136 371 3215 serimus,
397 3136 591 3203 firmabimus
618 3136 746 3203 numina
771 3155 974 3222 paganorum.
1002 3136 1064 3204 Sed
1090 3155 1159 3216 uos,
1186 3136 1271 3204 siem
1292 3136 1356 3202 iam

225 3242 257 3308 iu
292 3242 372 3308 libro
408 3242 686 3309 duodeuicensimo
722 3244 819 3310 buius
855 3244 957 3328 operis
994 3243 1066 3323 diri,
1105 3263 1167 3310 non
1201 3243 1356 3309 babemus

224 3367 352 3415 necesso
379 3350 483 3416 omnia
509 3349 644 3426 credere,
676 3369 755 3434 quae
782 3350 915 3416 historia
942 3351 1081 3417 continet
1102 3350 1254 3436 gentium,
1283 3368 1355 3415 cum

225 3456 258 3523 et
287 3443 350 3536 ipsi
375 3454 458 3519 inter
484 3473 518 3520 se
546 3454 697 3533 historici,
726 3455 810 3520 sicut
837 3457 882 3522 ait
904 3455 1012 3535 Varro,
1044 3455 1136 3540 quasi
1162 3454 1236 3520 data
1262 3475 1357 3540 opera

225 3564 257 3626 et
271 3559 364 3643 quasi
384 3578 420 3625 or
436 3559 592 3626 industria
608 3579 664 3645 per
681 3562 783 3626 multa
800 3560 1001 3637 dissentiaut;
1021 3561 1076 3626 sod
1091 3580 1138 3640 ea,
1152 3561 1179 3627 si
1193 3561 1355 3641 uolumus,
1372 3586 1399 3628 11

225 3664 393 3744 credimus,
413 3683 496 3748 -quao
518 3685 578 3730 uon
602 3665 809 3733 aduersautur
829 3667 930 3747 libris,
954 3667 1069 3751 quibus
1092 3686 1153 3733 uou
1172 3666 1356 3733 dubitamus

224 3775 367 3855 oportere
394 3791 451 3838 uos
480 3771 614 3837 credere.
641 3773 688 3837 Do
711 3772 761 3838 his
784 3776 889 3838 autem
912 3773 1135 3838 miraculorum
1160 3772 1242 3839 locis
1264 3772 1355 3840 uobis

225 3879 264 3946 ad
291 3898 338 3958 oa,
366 3897 445 3962 quae
472 3878 579 3944 lutura
604 3879 789 3962 persuadere
816 3879 985 3945 incredulis
1012 3878 1172 3958 uolumus,
1198 3879 1277 3945 satis
1299 3878 1357 3945 illa

225 3984 397 4064 sufficiunt,
434 4004 513 4068 quae
549 4004 605 4050 noe
643 4003 767 4069 quoque
802 4004 973 4069 possumus
1010 3985 1150 4069 experiri,
1183 3988 1215 4051 et
1246 4004 1355 4050 eorum

224 4095 324 4158 testes
350 4086 479 4158 idoneos
506 4110 573 4157 nou*
593 4090 721 4158 difficile
745 4095 795 4156 cst
821 4091 970 4157 inuenire.
997 4090 1045 4158 Do
1068 4092 1130 4158 isto
1153 4099 1260 4157 autam
1281 4092 1354 4157 fauo
1371 4117 1397 4159 re

224 4195 354 4263 Veneris
386 4199 418 4262 et
447 4199 577 4262 lucerua
606 4197 854 4283 inexstinguibili
874 4217 936 4262 uon
960 4197 1062 4263 solum
1086 4197 1117 4263 iu
1141 4196 1245 4262 nullas
1268 4215 1355 4263 coar·

224 4306 328 4368 tamur
341 4303 515 4388 angustias,
530 4322 639 4369 uerum
656 4303 750 4369 etiam
764 4302 942 4369 latitudinis
956 4302 1046 4370 uobis
1061 4321 1191 4387 campus
1207 4304 1354 4387 aperitur.

224 4408 378 4474 Addimus
406 4409 489 4474 euim
517 4409 555 4474 ad
582 4409 678 4474 istam
698 4409 858 4475 lucernam
881 4409 1169 4494 inexstinguibilem
1192 4412 1224 4473 et
1245 4409 1354 4474 buma-

224 4532 333 4579 uamm
371 4516 404 4579 et
438 4515 640 4599 magicarum,
676 4515 709 4580 id
740 4517 790 4581 est
824 4534 879 4598 per
918 4514 1062 4580 homines
1102 4514 1353 4580 daemonicarum

316 4705 346 4758 l'l
367 4721 388 4760 c.
410 4704 442 4759 18

261 4873 277 4925 6
296 4828 473 4944 dehirlsdieta,
490 4872 509 4926 h
526 4874 597 4927 eicco
614 4873 678 4926 etilo
696 4874 861 4941 impressam,
878 4890 897 4944 c
924 4873 979 4964 ,14
997 4871 1060 4941 quia
1077 4889 1161 4942 usque
1179 4871 1217 4925 aa
1233 4872 1351 4926 infirma·

225 4993 314 5049 bimus
331 4966 417 5064 orni»
488 4997 646 5064 scripturam
664 4996 747 5064 illam,
766 4998 798 5051 111
815 5012 899 5068 moro.
914 4973 1018 5066 ‘sumpta
1035 4996 1124 5059 illae
1212 4996 1244 5050 lo
1262 4996 1352 5050 firma-

226 5083 315 5138 bimus
331 5087 408 5150 mea,
425 5085 611 5139 confirmabo
674 5084 706 5139 18
725 5085 847 5140 continet
863 5085 961 5140 histo
1022 5085 1057 5139 22
1075 5083 1108 5138 de
1125 5084 1182 5155 119
1242 5084 1350 5140 23111-

227 5169 298 5229 dulit
316 5170 332 5224 b
385 5172 419 5225 24
437 5171 575 5238 sufficiunt
592 5172 775 5243 “bedi'sslb'
792 5171 928 5227 suidoiant
946 5191 960 5244 ρ
977 5172 1075 5228 Domb.
