3217 6325
222 1293 286 1360 318
554 1292 581 1347 8.
608 1291 760 1346 Aurelii
786 1291 1000 1360 Augustini

224 1504 305 1551 eam
327 1486 445 1552 Iacob
477 1505 597 1570 puero
629 1505 700 1553 auo
732 1492 770 1552 et
791 1488 921 1553 Israel
952 1487 1105 1552 dilecto
1133 1505 1218 1561 suo:
1250 1490 1345 1571 post

224 1591 318 1656 baec
340 1592 377 1655 in
400 1594 507 1655 terra
529 1591 644 1657 uisus
668 1594 729 1656 est
752 1594 790 1657 et
817 1610 900 1657 eum
929 1591 1157 1657 bominibus
1181 1610 1342 1658 conuer-

224 1702 335 1762 satus
371 1699 441 1761 est.
473 1696 541 1761 Hoe
572 1695 786 1761 testimonium
818 1697 944 1778 quidam
976 1716 1036 1762 non
1067 1686 1254 1773 Hieremiae,
1287 1697 1342 1761 aed

223 1801 342 1867 scribae
364 1802 431 1867 eius
454 1802 644 1877 adtribuunt,
667 1804 721 1885 qui
743 1804 915 1868 uocabatur
933 1803 1068 1878 Baruoh3
1093 1801 1147 1867 sed
1165 1802 1342 1868 Hieremiae

223 1907 407 1972 celebratius
434 1907 575 1975 habetur.
601 1908 721 1974 Rursus
748 1908 831 1973 idem
863 1908 1014 1992 propheta
1044 1908 1082 1973 de
1112 1908 1197 1990 ipso:
1229 1908 1341 1985 Here,
1374 1930 1386 1969 s

223 2011 333 2093 inquit.
374 2011 459 2077 dies
500 2013 676 2090 ueniunt,
717 2014 775 2078 ait
815 2015 1015 2091 Dominus,
1052 2016 1091 2078 et
1129 2014 1341 2088 suscitabo

224 2115 351 2181 Dauid
379 2136 534 2201 germen
564 2118 724 2196 iustum,
748 2123 787 2183 et
813 2119 1002 2203 reguabit
1026 2138 1092 2184 rer
1115 2121 1154 2184 et
1180 2118 1342 2202 sapiens

225 2222 303 2286 erit
334 2228 371 2286 et
401 2222 528 2287 faciet
558 2221 755 2288 iudicium
787 2227 826 2290 et
855 2222 1059 2289 iustitiam
1090 2224 1129 2289 iu
1158 2227 1276 2291 terra
1299 2224 1340 2289 In

224 2326 367 2393 diebus
397 2326 488 2391 illis
520 2328 751 2393 saluabitur
781 2328 888 2406 Iuda,
912 2331 950 2393 et
977 2328 1105 2394 Israel
1135 2328 1342 2394 habitabit

224 2432 491 2507 confidentem
528 2436 567 2497 et
607 2432 679 2498 hoo
714 2435 779 2498 est
812 2450 960 2512 nomen,
998 2432 1100 2516 quod
1140 2434 1384 2499 uocabuutro

227 2555 327 2601 eum:
350 2536 541 2601 Dominus
568 2536 701 2603 iustus
724 2542 870 2603 noster.
892 2538 940 2603 Do
963 2539 1126 2603 nooatioue
1150 2538 1245 2603 etiam
1268 2558 1341 2624 gen-

222 2642 313 2717 tium,
336 2660 414 2724 quae
436 2639 538 2707 iue'rat
558 2641 663 2706 futura
686 2646 718 2707 ot
740 2661 806 2707 eam
831 2661 914 2708 nune
935 2643 1083 2727 inpletam
1107 2644 1272 2723 ceruimus,
1296 2644 1342 2710 oie

222 2748 348 2812 loeutus
376 2749 439 2812 est:
466 2746 630 2812 Domine
657 2747 762 2813 Deus
789 2766 898 2813 mens
927 2755 965 2813 et
990 2749 1190 2834 refugium
1218 2767 1341 2813 meum

222 2851 260 2917 in
289 2852 352 2917 die
379 2853 580 2930 malorum,
608 2851 653 2916 ad
680 2855 719 2919 te
746 2856 887 2937 gentes
915 2855 1079 2919 uenient
1100 2855 1143 2918 ab
1169 2858 1341 2919 extremo

223 2960 354 3022 terrae
377 2962 415 3022 et
439 2958 588 3022 dieeut:
611 2956 710 3023 Vere
737 2957 942 3023 mendacia
969 2959 1183 3024 coluerunt
1204 2963 1341 3042 patres
1360 2985 1384 3026 rs

226 3061 356 3125 nostri
384 3061 608 3140 simulacra,
636 3065 675 3126 et
699 3079 772 3126 non
800 3065 862 3127 est
887 3062 925 3127 iu
949 3062 1038 3127 illis
1062 3063 1237 3129 utilitas.
1262 3061 1342 3142 Quia

222 3186 297 3232 uero
320 3185 380 3232 uon
403 3172 489 3233 eraut
511 3187 582 3237 eum
610 3168 744 3252 agnituri
768 3168 886 3246 Iudaei,
910 3188 929 3233 a
951 3169 1063 3252 quibus
1087 3189 1158 3233 enm
1187 3173 1220 3234 et
1241 3168 1341 3234 ooeidi

225 3271 396 3356 oportebat,
428 3273 473 3338 sio
504 3272 587 3337 idem
618 3275 769 3357 propheta
804 3272 974 3358 signifieat:
1012 3273 1139 3339 Graue
1176 3293 1241 3339 oor
1275 3294 1343 3358 per

225 3377 362 3456 omnia,
389 3380 428 3441 et
458 3377 571 3442 homo
604 3380 674 3454 est,
703 3383 742 3444 et
768 3379 858 3460 quis
890 3379 1078 3464 agnoseit
1104 3383 1211 3444 eum?
1237 3379 1341 3444 Huius

224 3484 273 3547 est
295 3482 387 3546 etiam
409 3481 488 3546 illud
511 3481 594 3564 quod
615 3483 647 3546 in
669 3481 748 3547 libro
772 3483 905 3566 septimo
928 3482 1049 3549 deeimo
1071 3484 1163 3566 posui
1187 3483 1225 3549 de
1246 3488 1342 3549 taetu-
1358 3510 1385 3549 ro

223 3589 327 3652 mento
351 3606 443 3664 nouo,
467 3587 557 3653 euius
581 3591 630 3654 est
650 3587 804 3654 mediator
826 3586 980 3655 cbristus.
1001 3589 1074 3672 Ipse
1097 3589 1212 3673 quippe
1233 3589 1342 3654 Hiero

225 3691 303 3756 mins
327 3691 383 3758 ait:
407 3692 506 3758 Heee
534 3692 619 3758 dies
647 3694 826 3770 ueniunt,
850 3693 953 3759 dieit
973 3694 1174 3772 Dominus,
1198 3698 1237 3759 et
1258 3712 1341 3759 oon·

225 3797 424 3862 summabo
443 3817 561 3882 super
579 3798 732 3863 domum
747 3797 865 3864 Iaoob
884 3802 1169 3865 testamentum
1188 3818 1342 3874 nouum,

224 3903 257 3965 et
279 3903 381 3966 oetsra
402 3909 481 3984 quae
503 3903 547 3967 ibi
569 3904 723 3987 leguntur.

268 4005 442 4088 Sophoniae
464 4010 568 4072 antem
590 4009 768 4092 prophetae,
792 4009 845 4091 qni
864 4028 935 4074 euru
951 4010 1110 4075 Hieremia
1127 4009 1342 4093 prophetabat,
1359 4033 1386 4073 a

224 4112 299 4177 haee
313 4112 470 4195 praedicta
483 4112 521 4177 de
535 4110 658 4179 Christo
672 4113 797 4179 iuterim
815 4134 941 4197 ponam:
960 4116 1143 4198 Hrspeeta
1159 4134 1224 4191 me,
1248 4114 1342 4180 dioit

226 4217 416 4296 Dominus,
456 4218 491 4282 in
532 4218 589 4283 die
629 4219 917 4286 resurrectionis
953 4240 1051 4286 meae
1087 4221 1122 4285 iu
1159 4221 1343 4298 futurum

225 4322 311 4404 quia
339 4322 520 4388 iuditium
545 4342 672 4401 meum,
701 4327 741 4389 ut
767 4343 988 4409 congregem
1014 4330 1146 4410 gentes
1174 4329 1210 4390 et
1237 4326 1341 4391 colii-

311 4543 417 4600 5Hier.
436 4547 479 4610 23,
498 4549 515 4601 b
533 4563 573 4617 sq.
629 4548 660 4602 13
678 4547 750 4602 Hier.
770 4547 814 4610 16,
834 4548 866 4603 19
921 4549 953 4603 13
970 4549 1085 4604 Hieram.
1106 4549 1182 4614 17,9
1235 4551 1270 4606 20
1288 4551 1341 4606 33

225 4633 260 4685 22
277 4632 393 4690 Hieram.
410 4634 453 4698 31,
471 4635 504 4689 31
559 4635 593 4690 26
611 4634 693 4706 Soph.
711 4635 736 4699 3,
755 4635 773 4690 8

261 4801 343 4855 liae.
363 4817 444 4872 puero
462 4818 509 4855 suo
528 4818 618 4857 eamr
678 4804 986 4874 iterrari193terrire
1055 4760 1211 4859 ominibuse
1265 4803 1340 4859 odi-

226 4888 294 4943 eite
363 4887 461 4944 9iuda
479 4889 712 4960 agpfmiudu
730 4891 934 4963 bapaDorrrb.
1007 4892 1039 4947 12
1057 4891 1137 4946 inerit
1153 4908 1172 4961 g
1254 4891 1342 4946 intnra

226 4975 345 5033 iuerato
434 4978 466 5032 15
484 4976 651 5033 mordatius
735 4979 768 5033 19
786 4980 910 5048 agnoseit
926 4980 1023 5050 bgpf
1038 4978 1149 5042 nonos
1166 4984 1295 5048 agnoeeet
1309 4996 1342 5049 p;

226 5064 338 5133 agnouit
355 5080 410 5130 ea;
427 5073 570 5134 eognoscat
589 5082 631 5119 ao
720 5067 754 5121 20
772 5066 874 5121 decimo
892 5071 994 5137 septo
1063 5067 1095 5120 21
1115 5065 1247 5120 mediator
1264 5073 1306 5120 est
1323 5082 1342 5120 o

225 5151 259 5204 26
278 5150 417 5220 ρτοᾶίοΙτα,
435 5167 452 5205 a
470 5168 537 5207 eruo.
563 5169 581 5221 9
633 5153 667 5206 27
685 5153 771 5224 mere]
789 5169 832 5208 me
851 5171 864 5208 e
