3217 6325
225 1252 289 1317 528
570 1246 597 1304 S.
623 1245 779 1301 Aurelii
804 1243 1018 1315 Augustini

225 1438 288 1508 nisi
318 1444 355 1507 nt
381 1442 504 1508 dicotur
529 1439 610 1505 huno
636 1457 745 1504 eorum
772 1455 843 1504 esse
868 1440 1023 1503 naturum.
1053 1437 1165 1505 Breuis
1192 1445 1269 1505 sons
1296 1440 1360 1505 istu

226 1553 276 1615 ost
296 1549 387 1626 rotie,
409 1548 520 1627 fateor,
539 1543 762 1627 sufficiensque
779 1544 953 1628 responsio.
971 1543 1034 1611 Sed
1051 1562 1125 1611 oum
1142 1543 1230 1611 Deus
1249 1549 1359 1613 tueor

226 1656 270 1721 sit
299 1658 479 1722 naturarum
511 1652 662 1731 omnium,
693 1670 775 1735 quur
805 1652 919 1717 nolunt
947 1648 1109 1717 fortiorem
1139 1670 1198 1717 nos
1228 1652 1358 1718 reddere

224 1762 388 1839 notionem,
424 1758 548 1844 quondo
583 1757 704 1841 utiquid
739 1758 831 1823 uelut
863 1756 1050 1840 inpossibile
1084 1757 1196 1824 nolunt
1232 1758 1358 1826 eredere

224 1868 334 1952 eisque
369 1865 576 1933 redditionem
611 1863 740 1930 rotonis
775 1863 980 1947 poscentibus
1015 1863 1242 1947 respondemus
1277 1866 1397 1932 honos

226 1990 296 2041 esse
326 1974 523 2039 uoluntatem
555 1970 778 2054 omnipotentis
799 1970 881 2036 Dei?
912 1969 968 2055 qui
998 1973 1082 2037 oorte
1113 1989 1175 2037 non
1202 1971 1243 2037 ob
1271 1972 1358 2041 uliud

225 2082 357 2147 nodatur
382 2079 589 2163 omnipotens,
617 2077 678 2143 nisi
706 2077 854 2160 quonium
883 2075 1037 2161 quidquid
1062 2077 1137 2142 uult
1157 2080 1275 2160 potest,
1304 2078 1359 2161 qui

224 2186 331 2271 potnit
356 2203 461 2251 oreore
487 2188 554 2250 um
581 2185 693 2262 multo,
719 2202 800 2268 quoe
826 2183 890 2249 nisi
916 2184 1152 2250 ostenderentur
1174 2187 1232 2250 ent
1252 2202 1273 2250 r
1292 2205 1358 2251 ore

225 2291 335 2358 dendio
361 2291 517 2375 hodieque
545 2290 724 2357 dicerentur
744 2289 892 2367 testibus,
918 2290 1060 2375 proiecto
1081 2291 1282 2375 inpossibilis
1303 2312 1358 2376 pu·

169 2454 170 2457 ¹
223 2402 373 2477 tenentur,
395 2417 457 2464 non
479 2398 582 2464 solum
604 2415 685 2480 quoe
706 2396 908 2481 ignotissimo
928 2399 1008 2480 opnt
1028 2415 1097 2474 nos,
1125 2416 1237 2463 nerum
1261 2399 1357 2465 odom
1375 2421 1399 2461 ιι

225 2523 306 2590 queo
331 2504 499 2571 notissimo
524 2502 627 2587 posui.
654 2503 715 2569 lile
736 2503 819 2569 enim
843 2521 922 2586 queo
942 2502 1035 2587 [opnt
1055 2500 1125 2590 noe]
1146 2506 1357 2588 praeterens,

225 2631 359 2696 quorum
385 2610 425 2677 de
450 2609 501 2677 his
527 2609 626 2676 libros
652 2608 800 2694 legimus,
828 2626 890 2675 non
911 2609 1030 2675 hebent
1051 2612 1166 2676 testem
1194 2613 1228 2675 et
1248 2611 1288 2677 ob
1312 2613 1358 2677 eis

225 2717 401 2801 oonsoripto
431 2719 516 2795 sunt,
548 2716 689 2799 quinon
717 2719 793 2783 sunt
819 2715 975 2782 diuinitus
1002 2716 1087 2782 docti
1113 2716 1216 2800 adque
1248 2716 1358 2784 humo·

224 2826 310 2890 nitus
338 2822 405 2889 tolli
431 2822 512 2888 forte
537 2824 719 2906 potuerunt,
749 2821 828 2888 lieet
853 2822 969 2906 ornique
995 2821 1063 2888 sine
1088 2826 1176 2890 reete
1196 2824 1358 2907 reprehen-

224 2932 312 2998 sione
334 2948 396 2995 non
419 2928 554 2995 eredere.
1375 2950 1398 2995 n

267 3037 350 3104 Nem
377 3054 435 3102 neo
462 3054 521 3122 ego
553 3036 628 3108 uolo
653 3047 771 3102 temere
799 3034 885 3102 erodi
911 3038 1026 3102 ennete
1051 3055 1132 3121 quoe
1153 3037 1258 3121 posui.
1286 3039 1360 3122 quie

223 3164 282 3212 neo
308 3164 328 3210 ιι
353 3162 405 3209 me
431 3141 501 3226 ipso
528 3140 574 3209 ito
599 3141 779 3221 ereduntur,
805 3143 970 3226 tumanm
996 3141 1085 3209 nullo
1105 3141 1144 3209 do
1170 3142 1236 3210 illis
1260 3144 1358 3211 sitin

223 3270 295 3317 meo
320 3249 512 3334 cogitatione
542 3247 708 3328 dubitatio,
740 3248 967 3333 exceptionis,
999 3268 1080 3332 queo
1106 3249 1160 3316 uel
1184 3250 1255 3335 ipse
1286 3269 1357 3318 sum

224 3361 368 3441 expertos
400 3359 433 3421 et
459 3354 563 3420 oniuis
590 3353 683 3421 fenile
710 3357 760 3421 est
785 3354 931 3440 experiri3
963 3355 1050 3421 sient
1075 3356 1113 3422 de
1144 3356 1240 3436 colos,
1273 3357 1359 3440 quod

223 3466 326 3532 tornet
350 3462 383 3528 in
406 3481 496 3545 nque,
523 3462 556 3526 in
578 3462 648 3527 oleo
674 3460 789 3546 frigide
811 3464 873 3538 est;
902 3461 941 3528 de
963 3466 1108 3548 magnete
1130 3463 1245 3546 lepide,
1273 3465 1359 3548 quod
1374 3485 1398 3526 s

224 3570 329 3636 neseio
357 3586 419 3652 qno
441 3567 613 3634 sorbitione
638 3566 816 3633 insensibili
838 3568 988 3653 stipulum
1010 3587 1072 3634 non
1094 3573 1224 3635 mouent
1245 3573 1279 3637 et
1298 3571 1359 3638 ier·

223 3695 294 3743 rnm
322 3675 438 3759 ropint3
466 3673 504 3740 de
531 3691 623 3740 oorne
650 3692 711 3739 non
738 3677 923 3758 putescente
944 3676 1089 3760 nononis,
1121 3693 1195 3743 enm
1216 3679 1360 3762 putuerit

224 3786 257 3850 et
282 3783 437 3853 Plutonis:
470 3779 509 3845 de
539 3779 631 3865 pelen
661 3781 708 3846 sio
734 3780 880 3866 frigente,
911 3784 949 3847 nt
974 3781 1126 3848 fluescere
1156 3783 1264 3849 niuem
1295 3803 1358 3852 non

224 3891 316 3966 sinet,
348 3889 395 3954 sio
426 3888 548 3954 colente
580 3891 617 3953 nt
647 3893 874 3953 maturescere·
889 3907 984 3973 pomo
1010 3889 1182 3972 oonpellot3
1216 3890 1255 3956 de
1285 3891 1358 3978 igno

223 3996 357 4081 fulgido,
371 3994 456 4079 quod
470 3993 644 4060 seeundum
658 4011 749 4058 sunm
766 3994 923 4080 fulgorem
941 3995 1062 4079 lepidos
1076 3997 1239 4079 coquendo
1253 3998 1358 4064 eundi·
1373 4015 1397 4057 s

224 4102 298 4168 tinet
311 4106 345 4168 et
362 4103 470 4167 contre
486 4099 619 4169 eundem
638 4118 730 4165 sunm
745 4099 900 4186 fulgorem
918 4100 1037 4167 urendo
1048 4101 1187 4184 plurimo
1200 4103 1358 4172 obfuscet

225 4209 311 4285 Tele,
328 4209 377 4273 est
403 4210 437 4272 et
462 4205 547 4290 quod
573 4205 681 4290 nigros
708 4206 850 4272 insomne
877 4206 1082 4273 offunduntur
1103 4226 1139 4274 ex
1162 4208 1232 4274 oleo
1256 4210 1359 4294 splen·

226 4314 310 4386 dido.
333 4313 479 4379 similiter
500 4314 606 4397 nigrae
629 4312 729 4379 lineee
753 4312 792 4378 de
821 4312 951 4378 eendido
978 4314 1193 4396 inprimuntur
1217 4320 1358 4401 argento,

226 4420 265 4491 de
292 4418 478 4487 corbonibus
505 4419 611 4498 etium,
643 4418 728 4502 qnod
754 4419 940 4485 decendente
966 4420 1039 4504 igne
1067 4419 1114 4486 sio
1141 4423 1305 4487 uertuntur
1326 4424 1357 4488 in

262 4693 438 4750 inolente¹
502 4698 642 4754 tratione
660 4678 698 4753 οῖ’
747 4699 900 4754 itestibus
918 4699 1104 4755 dicerenturo
1172 4700 1203 4755 ll
1223 4704 1291 4772 uput
1309 4718 1357 4756 uos

227 4784 393 4855 ornobpp
449 4786 879 4855 lnquommneeedelioriso
940 4789 1123 4860 ldouiuseo
1175 4789 1359 4860 ndeqomq

227 4872 346 4942 memte
362 4889 381 4943 q
469 4873 504 4929 22
522 4875 873 4946 putrescente..pntruerit
891 4874 1024 4947 ab’ypo
1109 4877 1144 4931 23
1161 4877 1325 4949 frigescente
1340 4894 1359 4948 9

227 4961 527 5032 24p0m2100mms·9
587 4963 621 5018 25
639 4961 775 5034 flugideq
836 4965 1024 5035 euudiflortp¹
1095 4967 1129 5021 26
1148 4966 1261 5021 eundem
1281 4983 1357 5022 snum

228 5047 430 5118 domenum
448 5065 499 5104 ooo.
517 5050 614 5107 Domi.
686 5052 858 5122 obinsertp¹
946 5055 980 5109 27
999 5058 1042 5108 est
1059 5058 1088 5108 et
1106 5054 1177 5124 quod
1197 5055 1359 5126 odeum

228 5140 271 5191 ott
289 5135 360 5208 quod
378 5140 406 5191 et
423 5155 440 5192 o
456 5137 553 5198 Domi.
625 5139 722 5196 effund.
737 5159 760 5211 p
814 5144 848 5197 29
866 5141 1082 5214 hrooendenteo
