3217 6325
222 1312 285 1376 392
560 1309 588 1362 S.
614 1307 770 1363 Aurelii
798 1308 1014 1378 Augustini

224 1503 345 1587 quando
376 1508 484 1587 posset
516 1508 549 1568 et
580 1524 651 1569 eum
685 1503 781 1567 uellet
814 1504 964 1568 auferret:
996 1508 1101 1567 tamen
1134 1508 1165 1567 in
1198 1504 1268 1586 ipsa
1299 1525 1359 1570 sua

224 1611 373 1693 spelunea
395 1609 545 1686 solitaria,
569 1610 670 1688 euius,
694 1613 729 1673 ut
753 1608 950 1674 describitur.
973 1610 1107 1691 ‘sempor
1125 1611 1244 1675 recenti
1262 1610 1359 1676 eaade

224 1716 351 1798 tepebat
385 1715 523 1795 humus‚‘
559 1716 636 1780 nihil
668 1716 752 1781 aliud
787 1736 881 1799 quam
912 1735 1021 1797 paoem
1053 1716 1191 1794 uolebat,
1227 1717 1259 1781 in
1296 1735 1360 1798 qua

225 1841 315 1887 nerrro
338 1822 385 1886 illi
407 1822 559 1887 molestus
584 1828 677 1898 esset,
701 1842 758 1887 nee
781 1823 850 1887 eius
873 1822 1010 1903 quietem
1029 1822 1079 1886 uis
1103 1822 1199 1888 ullius
1217 1827 1360 1888 terrorua

225 1928 374 1993 turbaret.
406 1927 485 1993 Cum
517 1948 644 2013 corporo
672 1929 805 2012 denique
834 1948 891 1994 suo
919 1947 1026 2009 paoem
1055 1929 1168 1993 babere
1200 1929 1360 2011 cupiebat,
1392 1952 1407 1992 s

227 2039 259 2098 et
285 2039 437 2116 quantum
463 2035 606 2113 habebat
632 2040 754 2101 tantum
782 2037 861 2098 bene
887 2035 935 2097 illi
963 2037 1038 2099 erat.
1069 2032 1198 2113 Quando
1231 2036 1358 2116 qnidam

226 2140 374 2205 membris
397 2141 684 2225 obtemperantibus
707 2140 890 2224 imperabat,
914 2146 946 2203 et
969 2145 1004 2204 ut
1027 2160 1115 2204 snam
1134 2142 1359 2207 mortalitatem

227 2246 393 2311 aduersum
425 2267 459 2312 sa
491 2267 526 2312 er
558 2248 730 2332 indigentia
755 2247 958 2311 rebellantem
986 2266 1022 2312 ae
1051 2246 1236 2313 seditionem
1265 2248 1360 2313 lamis

228 2352 265 2416 ad
289 2352 517 2418 dissociandam
540 2354 641 2437 adque
665 2353 887 2419 excludendam
917 2353 955 2417 de
978 2372 1107 2435 corpore
1129 2354 1266 2419 animam
1288 2373 1360 2419 oon·

227 2458 376 2523 oitautem
404 2462 520 2541 quanta
545 2462 654 2542 posset
681 2458 1037 2538 festinationemue,
1064 2459 1206 2540 rapiebat
1228 2460 1362 2525 natabat
1377 2485 1407 2526 ιο

227 2563 359 2628 uorabat
385 2569 416 2628 et
444 2567 589 2647 quamuis
615 2566 749 2630 inmanis
777 2584 813 2630 ae
841 2565 925 2629 ierus
953 2565 1024 2648 padi
1046 2569 1152 2629 tamen
1176 2586 1251 2631 suaa
1273 2565 1361 2631 uitae

228 2687 263 2734 ao
295 2670 407 2736 salutis
438 2671 602 2737 inmaniter
632 2691 668 2737 ae
695 2672 841 2736 ferociter
868 2670 1064 2746 consulebam
1098 2691 1133 2736 ao
1160 2692 1216 2755 por
1243 2672 1303 2738 hoo
1332 2672 1361 2737 si

226 2793 345 2858 paoem,
373 2796 466 2859 quam
493 2779 523 2843 in
552 2798 611 2844 sua
638 2779 786 2862 spelunea
813 2778 915 2860 adque
938 2777 969 2841 in
995 2778 1122 2861 seipso
1145 2777 1259 2843 habero
1282 2778 1361 2843 satis

228 2884 351 2965 agebat,
380 2884 474 2948 etiam
504 2903 576 2949 eum
603 2885 674 2948 aliis
701 2885 814 2949 lrabere
843 2884 951 2960 uellet,
978 2902 1035 2949 nae
1063 2886 1166 2948 malus
1194 2903 1252 2950 nee
1274 2903 1362 2949 mon·

230 2992 330 3052 strum
357 3008 413 3054 neo
440 2990 615 3056 semihomo
642 2994 819 3055 uocaretur.
850 2991 915 3054 Aut
943 2990 971 3055 si
998 2991 1067 3054 eius
1095 2992 1233 3073 eorporis
1261 2991 1362 3056 forma
1380 3014 1408 3064 n

230 3097 262 3158 et
284 3097 421 3160 atrorum
444 3097 565 3181 ignium
589 3096 727 3161 uomitus
751 3096 789 3160 ab
814 3115 850 3161 ao
881 3095 1056 3160 deterrebat
1078 3096 1239 3161 hominum
1263 3097 1362 3161 socie·

228 3205 336 3278 tatem,
368 3203 448 3269 forta
480 3223 539 3268 non
567 3204 696 3268 nocendi
724 3203 909 3285 eupiditate,
937 3203 993 3268 sed
1020 3202 1148 3268 uiuendi
1172 3203 1362 3268 necessitate

230 3308 401 3374 saeuiebat.
424 3309 539 3377 Verum
568 3311 629 3376 iste
652 3330 712 3375 non
735 3310 831 3374 fuerit
852 3311 917 3388 uel,
940 3309 1023 3392 quod
1046 3309 1149 3393 magis
1172 3308 1362 3374 eradendum

230 3417 289 3491 ast,
316 3435 376 3480 non
403 3417 476 3482 talis
503 3417 607 3498 suerit,
636 3416 738 3499 qualis
762 3416 886 3499 poetica
907 3416 1047 3480 uanitate
1071 3416 1272 3491 describitura
1300 3415 1363 3481 nisi

230 3521 311 3585 enim
343 3521 437 3588 nimis
468 3525 667 3588 accusaretur
698 3521 810 3600 Catus,
841 3539 951 3604 parum
987 3521 1141 3586 Hercules
1171 3522 1363 3588 laudaretur.
1380 3542 1409 3585 so

230 3627 315 3692 Talis
338 3647 410 3712 ergo
434 3629 527 3694 homo
550 3630 619 3693 siue
642 3627 816 3693 semihomo
839 3626 964 3703 malins,
987 3630 1025 3692 ut
1047 3626 1119 3699 diri,
1143 3627 1280 3692 ereditur
1300 3647 1363 3693 non

230 3734 339 3811 fuisse,
362 3735 447 3801 sieut
466 3735 569 3800 multa
585 3735 735 3819 figmenta
752 3737 926 3817 poetarum.
945 3734 1036 3816 Ipsae
1056 3733 1138 3798 enim
1157 3733 1363 3799 saeuissimae

229 3841 322 3920 ieras,
354 3841 449 3907 unde*
467 3841 520 3907 ille
551 3844 670 3922 partem
702 3839 814 3904 habuit
844 3839 979 3904 feritatis
1010 3839 1095 3923 (nam
1132 3842 1164 3903 at
1195 3839 1363 3903 semiferus

231 3948 335 4013 dietus
358 3949 431 4030 est),
454 3960 553 4033 genus
576 3946 736 4031 proprium
757 3945 889 4028 quadam
910 3964 986 4029 paco
1004 3944 1197 4022 eustodiant,
1221 3944 1363 4011 eoanndo

230 4055 386 4139 gignendo
413 4054 571 4140 pariendo,
598 4052 681 4118 letus
708 4051 844 4118 fouendo
872 4051 973 4133 adque
1001 4051 1177 4126 nutriendo,
1204 4071 1276 4115 oum
1299 4051 1365 4115 sint
1381 4068 1409 4110 ss

230 4160 396 4244 pleraeoue
428 4160 627 4225 insociabiles
660 4161 692 4223 et
723 4159 899 4242 soliuaga03
937 4176 998 4221 non
1035 4158 1156 4221 seilicet
1192 4160 1228 4220 ut
1258 4153 1361 4244 [oues]

320 4334 336 4387 2
355 4334 434 4404 Verg.
453 4333 519 4387 Aen.
538 4332 610 4396 vm,
631 4332 681 4386 195
700 4348 739 4401 sq.
793 4330 828 4384 23
846 4331 913 4384 Aoo.
931 4329 1006 4393 Vlll,
1024 4331 1074 4383 26:

272 4441 283 4493 1
305 4456 363 4493 oum
380 4437 492 4510 ypat-
572 4455 650 4509 quem
669 4437 708 4507 dp
727 4436 839 4498 Daraba
856 4453 908 4507 qua
927 4452 960 4502 ας
977 4441 1005 4490 et
1023 4441 1152 4505 quantum
1170 4455 1208 4490 eo
1279 4439 1295 4491 5
1313 4453 1363 4491 auo

234 4527 382 4598 derriqueo
452 4528 522 4582 8ad
540 4526 567 4582 e²
638 4529 665 4580 ll
689 4526 761 4579 uitae
780 4542 876 4579 suase
938 4527 971 4578 12
989 4541 1020 4578 ao
1039 4524 1118 4579 ieroo.
1138 4542 1219 4594 emo,-
1237 4524 1363 4579 etferoc.

233 4617 362 4670 oDomd.
470 4616 659 4684 consolabaty
759 4615 781 4668 si
800 4611 952 4682 perhoep
1042 4617 1074 4667 14
1093 4631 1150 4666 cum
1170 4615 1229 4666 aliis
1248 4614 1364 4668 etiam

236 4705 267 4759 18
287 4722 380 4759 uerum
399 4709 440 4760 eat
459 4705 530 4775 quod
549 4706 638 4773 istep
677 4705 708 4758 19
726 4721 779 4757 uon
798 4702 863 4756 talis
882 4719 961 4770 eqp,·
978 4702 1041 4755 talis
1060 4719 1113 4755 non
1131 4719 1146 4756 o
1164 4702 1261 4756 Domb.
1315 4718 1362 4755 ns·

234 4822 321 4875 nitate
339 4826 444 4902 poeto
498 4821 604 4875 discr-ib.
620 4837 638 4890 9
686 4820 722 4874 20
740 4835 850 4873 eaeose
920 4818 1021 4871 emulos
1040 4817 1081 4887 by
1134 4817 1165 4870 21
1186 4782 1365 4886 nostrumnon

234 4937 268 4990 26
288 4937 440 5006 soliuagag
492 4952 557 4990 ones
570 4936 684 5000 inclusa}
701 4952 758 4989 aron
772 4936 805 4988 de
820 4935 943 5004 gregibus
961 4934 1107 4986 beatiorum
1126 4933 1243 4986 viceram
1264 4933 1363 5001 agitur,

234 5026 282 5080 aed
299 5026 332 5080 de
356 5027 524 5080 antoralibaa
545 5033 652 5080 reaturo
673 5041 726 5079 arro
748 5023 993 5094 congregabilr'bsam
1014 5038 1099 5090 neque
1121 5039 1184 5076 orrea
1201 5022 1286 5075 manili
1304 5022 1364 5076 loeo

235 5114 260 5178 Ι,
271 5132 301 5184 p.
318 5117 388 5170 606.
403 5117 443 5169 26
456 5117 528 5168 inter
540 5131 574 5168 eo
588 5113 725 5166 animalia
743 5117 991 5178 commemoratur,
1005 5120 1081 5181 ‘qnae
1100 5115 1261 5180 congregata
1276 5110 1363 5180 adque

235 5204 263 5256 in
283 5202 409 5273 gregibus
428 5203 525 5257 malint
543 5203 651 5256 uiuere'.
