3217 6325
276 1294 340 1360 548
615 1290 641 1345 S.
667 1290 821 1346 Aureiii
848 1289 1061 1363 Augustini

275 1484 408 1550 Plurimi
430 1504 504 1550 uero
527 1487 691 1569 praecepto
713 1484 795 1569 legis
818 1488 957 1568 accepto,
980 1503 1049 1549 oum
1072 1483 1159 1566 prius
1181 1482 1260 1548 uicti
1283 1482 1403 1548 fuerint

277 1592 529 1675 pr'ueuulentibus
555 1591 644 1657 uitiis
671 1593 704 1655 et
728 1590 991 1674 prseuedeutores
1023 1589 1091 1654 eius
1118 1587 1232 1667 effoeti,
1256 1591 1333 1653 tuno
1360 1587 1402 1653 sd

277 1697 409 1785 gretiam
437 1696 622 1783 confugiunt
648 1696 859 1773 adimentem,
887 1714 949 1779 qus
975 1696 1050 1760 fiant
1075 1698 1107 1760 et
1133 1694 1267 1760 emerius
1292 1694 1401 1778 pesni-

277 1803 370 1868 tendo
398 1805 431 1867 et
457 1803 675 1875 uehementius
697 1803 864 1887 pugnando
887 1803 972 1887 prius
995 1802 1070 1867 Deo·
1084 1800 1210 1866 subdite
1231 1800 1334 1884 sdque
1355 1801 1403 1865 ite

278 1908 361 1974 corni
383 1910 560 1992 praeposite
582 1913 685 1975 mente
702 1911 853 1976 uictores.
884 1909 1035 1991 Quisquis
1057 1908 1155 1994 igitur
1175 1907 1264 1991 eupit
1283 1925 1401 1990 poenes
1433 1928 1449 1970 ι

277 2013 409 2081 euadere
431 2016 648 2100 sempitemes‚
666 2035 726 2082 uon
744 2018 848 2093 solum
866 2015 1051 2099 baptizetur,
1069 2031 1181 2079 uerum
1197 2012 1293 2077 etism
1309 2012 1403 2077 iusti-

276 2120 388 2194 fioetur
408 2122 439 2186 in
463 2121 651 2198 christeae
675 2123 721 2188 sie
743 2141 817 2188 uere
835 2126 975 2187 umssat
992 2140 1011 2185 s
1028 2120 1152 2185 dedolo
1170 2119 1210 2183 sd
1228 2117 1402 2185 Christum.

276 2221 478 2309 Purgatoriss
510 2232 615 2295 eutem
642 2247 756 2313 poenus
784 2230 887 2295 nullus
914 2230 1036 2293 futurus
1062 2227 1215 2310 opinetur,
1241 2224 1303 2290 nisi
1329 2228 1403 2289 ente

275 2333 356 2398 illud
393 2333 540 2399 ultimum
575 2335 832 2418 tremendumque
863 2334 1024 2401 iudicium.
1058 2333 1265 2415 Nequsquum
1294 2335 1401 2395 temen

266 2434 454 2524 'negandum
485 2442 539 2519 est
562 2442 656 2506 etiem
684 2441 788 2525 ipsum
816 2445 976 2508 aeteruum
1002 2440 1105 2524 ignem
1132 2456 1200 2522 pro*
1219 2435 1403 2501 diuersitate
1423 2457 1450 2497 ιο

277 2545 459 2610 meritorum
491 2545 636 2629 quemuis
667 2547 821 2612 mulorum
859 2548 929 2612 eliis
959 2545 1121 2624 leuiorem,
1152 2542 1224 2608 uiis
1258 2543 1402 2608 futurum

135 2674 139 2681 ·
277 2669 347 2717 esse
370 2652 555 2736 grauiorem,
579 2653 648 2718 siue
670 2653 772 2735 ipsius
795 2652 847 2718 uis
870 2651 971 2735 sdque
994 2649 1086 2717 ardor
1105 2670 1161 2734 pro
1182 2668 1283 2734 poene
1306 2646 1404 2732 digus

277 2756 430 2838 cuiusque
452 2758 600 2838 norietur,
619 2757 688 2824 siue
710 2758 779 2842 ipse
802 2757 974 2839 aequaliter
990 2756 1107 2836 ardent,
1126 2755 1182 2821 sed
1200 2775 1261 2821 non
1278 2753 1405 2838 neqnsli

276 2862 423 2926 molestis
445 2862 609 2929 sentietur.

710 3052 845 3120 onnon
867 3054 968 3121 xvu.
1423 3094 1450 3135 „

331 3194 381 3259 Ue
404 3193 474 3271 his,
499 3193 561 3276 qui
583 3197 720 3277 putent
741 3195 927 3261 nullorum
949 3196 1136 3262 hominum
1158 3214 1295 3279 poenes
1317 3195 1354 3260 in

576 3302 764 3366 aeternnm
792 3321 880 3368 esse*
902 3321 1104 3369 mensurus.

321 3439 413 3506 Nune
435 3441 497 3504 ism
520 3459 592 3505 oum
615 3440 868 3507 misericordibus
891 3442 1006 3507 uostris
1029 3441 1185 3527 egendum
1212 3459 1283 3509 esse
1309 3439 1403 3506 uideo

279 3550 312 3611 et
341 3545 470 3630 pacifice
502 3546 736 3631 disputandum,
769 3548 823 3629 qui
855 3547 906 3612 uel
938 3548 1082 3613 omnibus
1111 3547 1178 3614 illis
1212 3536 1404 3622 hominibus,

279 3671 358 3736 qnos
390 3652 585 3718 iustissimus
616 3652 708 3721 iudex
740 3652 851 3738 dignos
879 3653 1038 3738 gehennae
1065 3652 1219 3736 supplicio
1242 3650 1404 3730 iudicabit,
1422 3676 1450 3718 ee

279 3759 332 3823 uel
363 3756 551 3841 quibusdem
587 3777 694 3824 eorum
725 3759 837 3825 nolunt
866 3760 990 3825 eredere
1021 3779 1151 3843 poenum
1183 3759 1403 3842 sempiternum

163 3897 166 3902 v
279 3863 428 3943 futuram,
452 3865 508 3931 sed
530 3870 604 3949 post
626 3865 703 3931 certi
725 3867 875 3950 temporis
898 3871 999 3932 metas
1021 3885 1077 3949 pro
1103 3866 1257 3948 cuiusque
1283 3863 1404 3947 nocenti

281 3972 454 4053 quantitate
484 3971 635 4058 longioris
668 3972 736 4038 siue
763 3971 916 4038 breuioris
943 3991 998 4038 eos
1024 3972 1095 4037 unde
1121 3972 1300 4037 existiment
1324 3969 1405 4034 libe-

280 4077 402 4144 rsndos.
426 4074 495 4157 Qua
516 4077 548 4143 in
571 4096 604 4143 re
626 4077 857 4144 misericordior
879 4079 1017 4163 profecto
1040 4079 1102 4144 ruit
1119 4077 1281 4160 Origenes,
1299 4077 1354 4159 qui
1372 4080 1406 4140 et

280 4184 385 4266 ipsum
407 4182 567 4249 diabolum
591 4184 691 4266 adque
714 4184 843 4266 angelos
866 4185 935 4248 eius
957 4188 1030 4268 post
1050 4185 1194 4269 grauiore
1210 4183 1404 4268 promeritis
1423 4207 1451 4249 ss

281 4293 314 4354 et
335 4289 529 4355 diuturniore
551 4290 706 4374 supplicis
728 4309 764 4355 er
786 4290 852 4355 illis
875 4290 1065 4356 eruciatibus
1093 4290 1245 4355 eruendos
1268 4293 1300 4354 et
1325 4289 1406 4353 soei·

281 4394 378 4461 andos
405 4396 521 4461 sanetis
550 4396 670 4481 angelis
698 4395 840 4460 eredidit.
877 4394 939 4462 Sed
964 4396 1055 4460 illum
1083 4400 1115 4461 et
1140 4400 1265 4480 propter
1289 4393 1351 4460 hoe
1372 4399 1407 4460 et

281 4504 408 4585 propter
431 4501 492 4566 sliu
514 4501 663 4567 nonnulle
686 4505 719 4566 et
740 4503 872 4567 murime
894 4506 1021 4586 propter
1042 4504 1227 4568 eltementos
1250 4500 1316 4567 sine
1339 4519 1406 4566 oes-

318 4740 532 4821 d-bsptioetnro
566 4741 813 4813 dtremendumque
828 4738 929 4813 eypu5
947 4742 1147 4813 timendumque
1164 4743 1262 4798 Domd.
1299 4743 1331 4838 dl
1345 4760 1392 4798 rus

282 4830 373 4938 lorgi),
391 4881 565 4959 umerum
605 4867 637 4920 12
656 4883 799 4936 properium
818 4865 961 4937 dignemo
1004 4868 1039 4962 tii
1057 4884 1210 4938 gesenneg
1252 4869 1285 4923 21
1295 4843 1406 4935 nolunt,

283 4991 314 5045 ies
331 5006 414 5059 marg.
428 4967 538 5051 uoluti.
556 5006 570 5043 e
670 4991 704 5044 23
724 4991 858 5054 estiment,
876 4992 907 5044 in
924 5008 1008 5060 marg.
1021 4969 1188 5060 existiment,
1207 5009 1221 5046 e
1321 4992 1355 5046 25
1373 4992 1407 5047 ies

283 5079 406 5148 margine
416 5094 448 5147 o:
464 5075 598 5132 notsnum
614 5076 690 5131 looue
704 5081 786 5147 sique
798 5076 962 5145 tractandus,
976 5079 1022 5132 ubi
1037 5080 1166 5148 originem
1180 5079 1298 5134 adstruit
1312 5095 1405 5149 repro·

284 5165 377 5220 butum
449 5168 477 5219 et
494 5180 588 5233 suge
641 5165 674 5218 26
694 5168 785 5219 et-et
801 5180 877 5230 mg
897 5169 1074 5235 et—stqueu
1126 5166 1160 5220 28
1178 5166 1246 5237 sine]
1266 5167 1328 5221 ino
