3217 6325
232 1392 297 1456 342
568 1387 594 1439 S.
624 1385 778 1440 Aurelii
804 1386 1022 1455 Augustini

230 1599 337 1646 eorum
368 1578 608 1645 strenuissimus
640 1579 746 1655 Iudas,
779 1577 834 1660 qui
870 1578 965 1641 etiam
997 1578 1225 1643 Macchabaeus
1261 1577 1369 1645 dictus

230 1690 289 1763 est,
316 1684 464 1750 Antiochi
491 1683 624 1748 ducibus
646 1684 751 1765 pulsis
775 1683 813 1747 ab
843 1683 927 1747 ononi
949 1683 1008 1747 illa
1029 1684 1193 1749 idolatriae
1215 1686 1369 1750 contami-

230 1790 353 1854 natione
376 1786 551 1854 mundauit

272 1886 343 1959 Non
373 1898 479 1959 autem
510 1893 611 1958 multo
642 1897 717 1973 post
742 1892 887 1957 Alcimus
915 1892 1042 1974 quidam
1069 1913 1124 1976 per
1150 1895 1367 1974 ambitionem,

229 2019 301 2067 oum
324 2019 343 2064 a
363 2015 476 2084 genere
499 1997 684 2064 sacerdotali
709 2001 795 2063 esset
817 1998 948 2076 alienus,
978 1999 1061 2080 quod
1083 2001 1170 2066 nefas
1195 2005 1270 2079 erat,
1291 2020 1367 2084 pou·
1398 2026 1413 2066 e

229 2107 304 2173 tifex
326 2106 429 2171 factus
453 2108 512 2168 est
534 2105 617 2168 Hinc
640 2106 703 2168 iam
726 2108 800 2187 post
827 2123 924 2169 anuos
948 2106 1045 2170 ferme
1069 2108 1306 2191 quinquaginta,
1333 2108 1366 2172 in

229 2214 344 2297 quibus
371 2212 417 2276 eis
444 2209 549 2275 mmen
577 2228 635 2291 pax
661 2228 721 2273 uon
751 2211 823 2288 fuit,
855 2211 1001 2291 quamuis
1029 2211 1134 2293 aliqua
1160 2216 1193 2277 et
1218 2232 1366 2296 prospere

228 2317 393 2403 gesserint,
416 2317 538 2398 primua
559 2310 637 2399 aput
659 2334 711 2380 eos
734 2316 937 2380 aristobolus
961 2317 1105 2381 adsumto
1134 2317 1310 2383 diademate
1333 2322 1367 2383 et

227 2442 279 2489 rex
306 2425 338 2487 et
364 2422 502 2505 pontifex
528 2420 632 2492 faetus
655 2425 713 2485 est.
736 2422 840 2485 dutea
863 2423 990 2504 quippe,
1020 2442 1054 2486 ex
1083 2442 1144 2504 quo
1168 2423 1206 2487 de
1229 2423 1365 2507 Babylo·

226 2530 296 2595 uiae
328 2527 513 2611 captiuitate
543 2526 662 2591 reuersi
698 2530 776 2591 sunit
805 2529 1022 2610 templumque
1057 2530 1266 2594 instauratum
1304 2533 1364 2607 est,
1383 2555 1410 2595 ro

225 2654 288 2701 nou
319 2652 420 2717 reges,
452 2632 508 2697 sed
540 2631 638 2697 duces
668 2634 720 2696 uel
751 2632 910 2716 principes
938 2634 1128 2710 habuerunt
1158 2635 1304 2716 quamuis
1332 2639 1365 2699 et

225 2724 294 2827 qui¹
314 2758 365 2803 rex
397 2743 447 2803 est
478 2738 580 2821 possit
611 2734 674 2801 dici
703 2737 849 2819 princeps
882 2757 900 2801 a
925 2740 1104 2821 principatu
1130 2740 1305 2823 imperandi
1332 2745 1366 2804 et

225 2847 289 2915 dus·
307 2864 354 2922 eo,
374 2845 458 2927 qnod
480 2845 523 2910 sit
545 2844 656 2908 ductor
678 2843 850 2919 exercitum
875 2844 931 2909 sed
954 2864 1014 2909 non
1038 2846 1196 2925 continuo,
1221 2847 1365 2927 quicum·

225 2971 286 3039 que
309 2950 469 3035 principes
493 2950 545 3013 uel
569 2948 664 3013 duces
688 2950 775 3025 suut,
800 2948 895 3013 etiam
918 2969 1009 3033 reges
1029 2949 1091 3014 dici
1110 2956 1254 3033 possunt,
1279 2950 1363 3033 quod

224 3062 286 3126 iste
307 3055 510 3124 Aristobolus
533 3054 604 3122 fuit.
628 3054 687 3120 Cui
711 3054 869 3118 successit
890 3055 1073 3127 Alexander,
1102 3057 1194 3120 etiam
1219 3058 1288 3138 ipse
1311 3075 1363 3122 rex
1382 3078 1406 3117 n

225 3171 257 3233 et
292 3160 442 3250 pontifex,
479 3160 533 3244 qui
569 3159 736 3226 crudeliter
769 3159 801 3224 iu
833 3180 908 3225 suos
935 3180 1083 3246 regnasse
1114 3160 1257 3227 traditur.
1284 3162 1364 3229 Post

223 3273 308 3337 hunc
339 3286 418 3335 uxor
448 3266 516 3332 eins
548 3266 722 3332 Alexandra
752 3267 862 3349 regina
887 3265 1074 3333 Indaeorum
1102 3268 1173 3345 fuit,
1206 3288 1242 3333 ex
1269 3269 1362 3333 cuius

223 3381 365 3459 tempore
390 3374 537 3454 deinceps
560 3373 643 3437 mala
666 3377 740 3437 sunt
763 3389 818 3437 cos
843 3377 952 3438 secuta
974 3374 1129 3456 grauiora.
1152 3374 1225 3439 Filii
1244 3376 1362 3459 quippe

224 3482 319 3546 huius
343 3476 534 3545 Alexandrea
557 3476 757 3542 Aristobolus
783 3479 817 3539 et
830 3477 1002 3560 Hyrcanas
1020 3479 1101 3543 iuter
1119 3497 1153 3544 se
1172 3479 1210 3544 de
1229 3479 1360 3563 imperio

225 3587 411 3653 dimicantes
447 3583 531 3649 uires
569 3581 721 3646 aduersus
752 3581 960 3647 Israeliticam
992 3587 1118 3667 gentem
1149 3602 1361 3667 prouocauere
1378 3609 1404 3650 so

225 3689 393 3759 Romamn
425 3690 590 3772 Hyrcanas
621 3706 756 3770 namque
788 3689 828 3752 ab
861 3688 907 3753 eis
935 3676 1043 3753 contra
1064 3689 1192 3754 fratrem
1215 3691 1362 3772 poposcit

225 3795 387 3864 auxilium.
411 3795 499 3860 Tunc
519 3794 583 3858 iam
607 3794 705 3861 Roma
723 3794 950 3876 subiuganerat
966 3796 1114 3874 Africam,
1134 3796 1362 3880 subiugauerat

225 3903 389 3977 Graeciam
408 3902 534 3983 lateque
553 3900 648 3964 etiam
668 3900 739 3967 aliis
758 3900 841 3964 orbis
860 3900 1001 3980 partibus
1016 3904 1183 3983 imperans,
1196 3904 1360 3984 tamquam

224 4028 259 4075 sa
276 4009 380 4092 ipsam
398 4020 463 4070 nou
487 4005 597 4070 ualens
619 4005 708 4083 ferre,
732 4024 791 4070 sua
810 4023 844 4070 se
868 4006 1002 4087 quodam
1025 4007 1119 4070 modo
1143 4006 1360 4090 maguitudino

224 4116 369 4199 fregerat.
402 4109 592 4174 Perneuerat
623 4111 737 4193 quippe
765 4110 804 4174 ad
832 4111 1000 4174 seditiones
1031 4110 1220 4176 domesticas
1244 4132 1358 4196 graues
1376 4135 1402 4174 se

224 4220 326 4303 adque
357 4214 432 4282 inde
464 4215 502 4279 ad
533 4216 615 4280 bella
646 4215 776 4306 socialia
807 4231 939 4297 moxque
967 4216 1084 4294 ciuilia,
1111 4224 1297 4301 tantumque
1325 4238 1359 4283 se

224 4321 454 4400 comminueret
475 4324 508 4384 et
529 4319 709 4398 adtriuerat
728 4324 765 4386 ut
784 4321 812 4384 ei
830 4320 1000 4385 mutandus
1017 4321 1062 4385 rei
1080 4322 1224 4405 publicae
1242 4326 1358 4397 status.

225 4450 287 4514 quo
323 4437 485 4513 regeretur
518 4426 657 4510 regibus,
697 4426 871 4491 inmineret.
912 4427 1082 4508 Pompeius
1123 4446 1211 4512 ergo,
1246 4430 1357 4513 populi

225 4536 357 4602 Romani
389 4531 659 4616 praeclarissimus
686 4532 843 4614 princeps,
875 4531 1021 4597 Iudaeam
1051 4551 1121 4598 cum
1149 4533 1285 4599 exercitu
1311 4535 1358 4599 in·

226 4660 353 4728 gressus
377 4640 541 4703 ciuitatem
564 4638 658 4719 capit,
686 4638 840 4718 templum
863 4640 989 4714 reserat,
1012 4657 1070 4702 non
1095 4639 1261 4703 deuotione
1284 4659 1355 4723 sup·
1374 4660 1400 4700 oo

262 4902 359 4968 lpost
378 4897 492 4951 multum
511 4912 556 4964 op
628 4895 739 4948 alcimus
755 4912 787 4965 q;
806 4894 935 4948 alchimus
955 4895 1101 4966 cbeppa
1152 4900 1169 4952 5
1188 4898 1268 4958 esset,
1287 4903 1355 4952 Μ

226 4986 409 5055 superscripto
428 5000 522 5051 non‚e
593 4982 696 5037 alienus
713 4998 798 5036 ωηο
847 4984 995 5037 tetiame
1041 4985 1071 5037 ll
1091 4985 1147 5054 uel]
1167 4990 1202 5049 et
1221 4986 1253 5039 ios
1270 5003 1353 5057 mare.

229 5074 280 5138 uel,
296 5090 316 5142 p
389 5073 511 5142 quamuis
530 5072 600 5124 enim
618 5087 632 5124 e
722 5069 755 5123 18
774 5071 899 5140 deinceps
919 5072 1080 5141 adeppffi
1098 5077 1126 5125 et
1143 5071 1355 5144 deincepsque

228 5161 262 5217 20
281 5161 454 5216 aduersume
542 5159 576 5212 24
594 5158 681 5228 ipsam
700 5157 890 5228 obeqpf05
908 5161 966 5228 ipsa
985 5175 1026 5229 pn
1044 5158 1141 5214 Domb.
1213 5160 1282 5215 ferre
1300 5179 1353 5216 nou

229 5249 356 5305 ualenso
408 5248 441 5302 27
461 5231 499 5316 et]
520 5249 634 5316 atqneo
779 5236 780 5241 '
