3217 6325
271 1270 335 1335 550
601 1263 627 1318 S.
655 1261 810 1317 Aurelii
836 1261 1050 1330 Augustini

270 1462 388 1527 Dicunt
410 1460 490 1525 enim
515 1459 554 1523 de
576 1458 668 1523 malis
692 1461 724 1522 et
745 1455 924 1521 infidelibus
947 1454 1127 1520 bominibus
1150 1455 1305 1521 diuinitus
1332 1458 1405 1538 qni-

271 1568 340 1633 dem
368 1585 477 1631 uerum
504 1564 697 1647 praedictum
725 1582 805 1641 esse,
834 1562 918 1645 quod
945 1562 1031 1647 digni
1058 1565 1145 1637 aunt;
1178 1560 1234 1627 sed
1261 1581 1337 1628 enm
1359 1565 1403 1628 ad

269 1652 422 1739 indiciur‘n
445 1676 574 1736 nentnm
597 1670 702 1746 inerit,
726 1669 968 1734 misericordiam
992 1686 1062 1733 esse
1084 1671 1313 1751 superaturam.
1335 1669 1402 1734 Do·

270 1778 359 1843 nabit
384 1778 466 1843 enim
493 1796 557 1857 eos,
584 1776 739 1858 inquiunt,
762 1775 939 1840 misericors
961 1774 1050 1840 Dens
1076 1773 1222 1859 precibus
1249 1779 1283 1840 et
1303 1774 1401 1841 inter·

271 1885 465 1949 cessionibus
502 1886 680 1948 sanctorum
717 1900 857 1948 snorum.
894 1881 928 1947 Si
960 1882 1041 1946 enim
1074 1881 1203 1947 orabant
1232 1900 1289 1965 pro
1320 1880 1401 1958 illis,
1432 1903 1447 1945 s

271 1989 393 2073 qnando
417 2008 470 2054 eos
494 1988 693 2073 patiebantur
713 1988 868 2065 inimicos,
892 1988 1134 2071 quantomagis
1158 1987 1282 2071 qnando
1310 1988 1401 2053 nide-

271 2097 350 2161 bnnt
371 2096 507 2160 humiles
531 2094 752 2178 supplicesque
769 2096 956 2177 prostratos!
981 2094 1089 2177 Neque
1107 2094 1190 2158 enim
1208 2093 1400 2159 credendum

272 2208 331 2279 est,
354 2202 450 2274 aiunt.
474 2204 550 2265 tune
573 2200 743 2265 amissuros
766 2202 891 2265 sanctos
914 2200 1036 2266 uiscera
1058 2199 1300 2276 misericordiae,
1323 2219 1400 2265 cum

271 2308 386 2373 inerint
408 2307 608 2391 plenissimae
630 2325 666 2370 ac
689 2305 935 2389 perfectissimae
958 2307 1147 2380 sanctitatis,
1169 2311 1216 2385 nt,
1239 2307 1295 2390 qni
1319 2310 1399 2373 tnnc

272 2414 400 2480 orabant
430 2432 483 2495 pro
514 2412 649 2478 inimicis
676 2412 754 2489 sais,
782 2412 905 2494 qnando
933 2413 1052 2495 stipsi
1079 2414 1146 2478 sine
1172 2417 1301 2497 peceato
1332 2433 1396 2480 oon
1417 2434 1444 2473 ιο

273 2524 368 2595 erant,
396 2523 472 2584 tnnc
499 2538 559 2583 non
587 2522 675 2583 orent
701 2538 755 2602 pro
784 2517 981 2602 supplicibus
1013 2519 1090 2596 suis,
1118 2518 1239 2602 qnando
1270 2520 1398 2584 nullum

271 2627 430 2709 coeperint
451 2625 564 2689 babere
586 2629 760 2707 peccatum.
796 2625 861 2689 Ant
884 2643 957 2689 nero
979 2624 1066 2691 Dens
1088 2629 1165 2690 tnnc
1186 2643 1240 2690 eos
1262 2644 1324 2691 non
1346 2643 1399 2691 ex·

272 2732 379 2797 audiet
398 2735 448 2797 tot
471 2735 503 2817 et
524 2732 603 2796 tales
625 2731 708 2795 lilios
731 2749 816 2800 snos.
840 2730 961 2813 quando
983 2731 1015 2795 in
1038 2735 1127 2797 unm
1147 2750 1255 2797 eorum
1282 2732 1399 2796 sancti·

270 2843 336 2903 tate
367 2838 488 2902 nullum
514 2836 658 2901 'inueniet
684 2836 833 2901 cretionis
864 2837 1130 2920 inpedimentum?
1166 2837 1396 2903 Testimonium

272 2962 345 3007 nero
377 2943 489 3026 psalmi
521 2946 553 3007 et
583 2942 631 3007 illi
663 2941 799 3024 quidem,
828 2943 882 3023 qni
908 2944 1095 3025 permittunt
1124 2942 1267 3008 infideles
1293 2943 1397 3026 adque
1414 2963 1443 3005 ιι
1482 2941 1485 2946 '

271 3049 371 3133 inpios
403 3049 545 3114 homines
572 3050 683 3114 saltem
710 3050 804 3133 longo
832 3054 972 3133 tempore
999 3050 1129 3116 cruciari
1157 3056 1189 3115 et
1214 3054 1326 3134 postea
1357 3052 1397 3115 de

272 3155 363 3222 malis
391 3156 536 3222 omnibns
563 3154 640 3234 erui,
668 3156 724 3221 sed
749 3156 850 3244 magis
875 3147 932 3221 isti
957 3177 1013 3241 pro
1040 3177 1075 3223 se
1101 3157 1212 3223 dicum
1237 3176 1317 3236 esse,
1340 3156 1397 3223 nbi

272 3263 401 3346 legitur:
429 3263 616 3346 Numquid
640 3262 890 3328 obliuiscetur
911 3264 1081 3329 misereri
1103 3264 1203 3330 Dens
1227 3270 1293 3329 ant
1314 3284 1396 3329 con-

272 3370 406 3434 tinebit
433 3370 466 3434 in
494 3370 548 3433 ira
575 3388 641 3434 sua
668 3370 929 3435 miserationes
957 3375 1064 3435 suas?
1101 3372 1152 3435 Ira
1174 3372 1243 3436 eins
1266 3377 1326 3447 est,
1349 3370 1396 3435 in-

273 3476 394 3559 quiunt,
423 3481 456 3540 ut
489 3494 595 3540 omnes
626 3475 745 3560 indigni
772 3475 966 3541 beatitudine
993 3478 1184 3560 sempiterna
1212 3477 1282 3561 ipso
1313 3475 1395 3541 indi·
1411 3496 1440 3535 ao

272 3585 361 3647 cante
384 3582 551 3666 puniantur
574 3582 727 3665 supplicio
751 3582 947 3665 sempiterno.
980 3582 1042 3648 Sed
1064 3584 1092 3647 si
1116 3582 1167 3648 nel
1188 3583 1318 3668 longum
1341 3582 1396 3646 nel

272 3706 397 3769 prorsus
429 3686 528 3751 ullum
556 3705 625 3750 esse
651 3685 836 3769 permiserit,
864 3687 1013 3768 prolecto,
1039 3691 1076 3752 nt
1101 3687 1205 3768 possit
1229 3688 1288 3752 boc
1316 3687 1396 3762 fieri,

271 3793 442 3886 continebit
471 3793 501 3856 in
530 3792 574 3856 ira
601 3811 658 3856 sua
685 3793 899 3857 miserationes
927 3812 1010 3872 snas,
1038 3792 1122 3877 quod
1148 3812 1220 3857 eum
1251 3795 1394 3877 psalmus

274 3899 350 3964 dicit
372 3919 431 3965 non
456 3917 524 3963 esse
546 3898 712 3964 facturum.
744 3897 813 3962 Non
838 3899 919 3963 enim
943 3900 1001 3963 ait:
1025 3901 1197 3985 ‘Numquid
1218 3900 1273 3965 din
1296 3901 1394 3966 conti·

272 4007 358 4071 nobit
384 4007 414 4070 in
441 4006 487 4070 ira
512 4025 568 4070 sna
595 4005 808 4070 miserationes
835 4009 940 4071 suasi’
972 4006 1027 4071 sed
1058 4009 1141 4091 quod
1171 4026 1301 4092 prorsus
1332 4025 1393 4071 non
1412 4025 1440 4064 s

274 4112 444 4178 coritinebit
466 4112 610 4177 ostendit.

318 4218 369 4282 Sic
401 4238 474 4302 ergo
502 4217 555 4282 isti
583 4218 694 4283 uolunt
721 4217 829 4283 indicii
855 4217 914 4283 Dei
942 4219 1210 4285 comminationem
1239 4240 1298 4285 non
1322 4240 1392 4286 esse

274 4323 462 4397 mendacem,
476 4324 619 4406 quamuis
637 4324 678 4388 sit
697 4324 851 4388 neminem
870 4324 1080 4398 damnaturus,
1094 4344 1187 4408 quem
1206 4325 1244 4390 ad
1262 4324 1392 4391 modum

275 4431 341 4492 eins
374 4429 653 4506 nominationem,
680 4449 741 4512 qua
772 4430 849 4493 dixit
880 4449 1061 4495 enersnrnm
1092 4451 1126 4495 se
1152 4450 1223 4496 esse
1248 4432 1390 4496 Ninenen

275 4533 446 4605 ciuitatem,
469 4536 645 4599 mendacem
668 4555 727 4599 non
751 4555 919 4618 possumus
942 4536 1056 4605 dicere:
1089 4541 1121 4602 et
1146 4541 1249 4602 tannen
1272 4536 1390 4602 factum
1410 4557 1439 4596 so

364 4761 395 4812 la*
414 4760 455 4812 l's.
475 4761 517 4814 to.
540 4762 570 4813 lo
623 4761 656 4813 :³9
675 4760 732 4814 Ion.
751 4763 775 4816 a.
794 4764 811 4814 4

310 4881 326 4932 ¹2
345 4880 418 4947 «liniri
438 4890 498 4937 anuuit
518 4885 556 4937 be
565 4901 583 4952 p
601 4884 709 4939 Made
725 4888 811 4936 morie
829 4883 904 4953 digni
922 4890 983 4937 snut
1003 4902 1035 4941 o:
1052 4884 1127 4954 digni
1144 4891 1206 4938 sunt
1221 4891 1312 4940 eterno
1325 4904 1390 4956 sup·

276 4968 354 5037 plicio
371 4988 404 5038 p:
422 4970 447 5023 d,
466 4989 486 5024 s.
506 4988 623 5039 procoso
710 4973 889 5041 tidonuuitp
979 4975 1007 5027 ll
1029 4980 1138 5043 eruntq
1226 4977 1260 5028 12
1276 4977 1355 5028 abere
1372 4994 1393 5044 p

279 5060 309 5110 lit
328 5059 361 5108 2¹3
380 5062 412 5111 ⁸35»
431 5077 479 5112 aua
496 5076 546 5113 osa.
567 5079 582 5110 u
652 5061 846 5114 inisericordias
865 5080 882 5113 o
966 5061 1206 5116 eluet...u11um
1226 5080 1284 5117 esse
1302 5081 1391 5134 osup

276 5148 308 5200 ‘Ji
329 5146 420 5200 incolunt
441 5149 517 5200 istic
569 5149 603 5201 30
621 5166 672 5201 nom
693 5150 825 5201 iactumr
