3217 6325
225 1334 289 1399 804
556 1331 583 1387 8.
610 1332 765 1386 Aurelii
791 1331 1007 1401 Augustini

224 1525 390 1599 iuuenibur.
425 1525 485 1590 His
508 1524 689 1610 adiungitur
711 1526 803 1590 Ionas
828 1526 936 1591 eodem
960 1524 1036 1591 Oria
1058 1545 1130 1610 rege
1152 1531 1301 1610 regnante
1324 1530 1358 1591 et

223 1630 299 1710 Ioel,
326 1649 398 1695 cum
432 1631 494 1695 iam
526 1632 669 1715 regnaret
695 1631 849 1707 Ioatbam,
879 1631 933 1712 qui
964 1632 1118 1695 successit
1150 1629 1254 1698 Ouiae.
1293 1631 1357 1696 Sed

224 1737 357 1801 istomm
389 1737 610 1819 prophetarum
642 1737 775 1801 duorum
803 1740 944 1817 tempora
975 1736 1007 1800 in
1039 1736 1204 1815 chronicis,
1232 1756 1292 1801 non
1324 1738 1356 1801 in

225 1860 332 1906 eorum
350 1842 439 1906 libris
458 1842 620 1924 potuimus
638 1842 787 1921 inuenire,
805 1842 951 1924 quoniam
970 1840 1008 1905 de
1027 1842 1094 1906 suis
1113 1842 1224 1906 diebus
1242 1845 1355 1906 tacent

225 1945 406 2013 Tenduntur
427 1951 534 2011 autem
556 1945 589 2011 bi
612 1946 679 2012 dies
702 1966 721 2011 a
742 1966 816 2031 rege
840 1946 1020 2011 Latinorum
1043 1947 1142 2011 Proca
1169 1948 1237 2012 siue
1265 1966 1358 2030 supe·
1389 1969 1403 2010 s

224 2053 304 2117 riore
327 2052 483 2118 Auentino
506 2070 608 2134 usque
631 2051 670 2116 ad
692 2071 798 2136 regem
821 2051 991 2116 Romulum
1013 2053 1076 2116 iam
1095 2053 1287 2129 Romanum,
1306 2054 1359 2118 uel

226 2157 321 2223 etiam
344 2176 445 2239 usque
468 2155 507 2222 ad
528 2157 615 2241 regui
639 2157 808 2240 primordia
827 2157 1019 2221 successoria
1038 2157 1106 2221 eiua
1124 2156 1247 2221 Numae
1265 2157 1358 2222 Pom·

225 2262 294 2347 pilii
320 2261 484 2347 (Ezechias
512 2263 627 2345 quippe
654 2281 705 2326 rex
732 2262 812 2326 Iuda
844 2281 880 2326 eo
907 2280 1008 2343 usque
1035 2262 1206 2346 regnauit);
1239 2282 1276 2327 ac
1303 2281 1360 2346 per

225 2370 285 2434 boc
311 2387 367 2452 per
394 2387 431 2433 ea
456 2372 597 2449 tempora
623 2368 677 2432 isti
705 2369 796 2432 uelut
821 2368 923 2432 fontes
946 2368 1130 2450 prophetiae
1153 2369 1270 2450 pariter
1290 2386 1359 2433 eru·

226 2476 348 2557 parunt,
369 2472 490 2556 quaudo
512 2491 644 2557 regnum
663 2473 779 2537 defecit
796 2474 960 2556 Assyrium
983 2473 1149 2556 coepitque
1167 2474 1356 2551 Romanum
1376 2496 1402 2537 n

228 2581 266 2644 ut
287 2578 419 2655 scilicet,
439 2596 529 2659 quern
554 2578 592 2641 ad
615 2578 744 2643 modum
767 2579 855 2662 regni
872 2579 1073 2662 Assyriorum
1095 2579 1197 2661 primo
1218 2583 1359 2661 tempore

227 2683 348 2750 exstitit
369 2683 535 2760 Abraham,
560 2684 611 2748 cui
634 2683 858 2766 promissiones
876 2684 1092 2766 apertissimae
1110 2683 1222 2748 fierent
1237 2685 1270 2748 in
1288 2685 1358 2748 eius

228 2788 347 2855 semiue
374 2787 599 2854 benedictionis
627 2790 766 2854 omnium
790 2790 941 2873 gentIum,
964 2790 1010 2854 ita
1033 2788 1233 2855 occidentalis
1256 2789 1359 2872 Baby-

227 2894 309 2960 lonis
332 2893 467 2971 exordio,
491 2912 553 2977 qua
574 2893 676 2959 iuerat
700 2892 845 2959 Christus
867 2896 1038 2977 imperante
1061 2898 1223 2973 uenturus,
1241 2894 1274 2959 in
1294 2913 1357 2976 quo

227 3001 418 3083 inplerentur
447 3000 505 3064 illa
539 2999 704 3082 promissa,
740 3001 865 3065 oracula
900 3000 1121 3082 prophetarum
1156 3019 1218 3064 non
1253 3001 1357 3065 solum
1374 3020 1401 3063 rs

228 3104 435 3190 loquentium,
462 3123 573 3170 uerum
606 3105 701 3170 utinm
732 3105 937 3172 scribentium
964 3107 996 3170 iu
1022 3109 1127 3171 tantae
1158 3106 1203 3172 rei
1233 3105 1359 3171 futurae

229 3211 444 3297 testimonium
468 3210 675 3276 soluerentur.
704 3208 783 3275 Cum
806 3211 888 3276 cuim
911 3211 1080 3296 prophetae
1102 3230 1273 3293 numquam
1295 3211 1360 3277 iere

231 3315 405 3381 defuissent
430 3314 546 3398 populo
573 3315 680 3396 Israel,
704 3335 739 3380 er
767 3335 830 3398 quo
852 3316 897 3382 ibi
918 3336 1009 3400 regas
1033 3336 1102 3381 esse
1126 3320 1303 3398 coeperunt,
1325 3316 1358 3382 in

231 3440 324 3486 usum
347 3418 563 3485 tantummodo
587 3439 694 3485 eorum
717 3421 815 3498 tuere,
838 3439 898 3484 non
922 3421 1077 3505 gentium
1105 3421 1227 3502 quando
1251 3426 1358 3486 autem

231 3524 385 3610 scriptura
415 3524 614 3590 manifestius
646 3524 829 3609 prophetica
865 3526 1065 3603 condebatur,
1097 3546 1175 3608 quae
1211 3526 1357 3611 gentibus
1374 3550 1403 3592 so

232 3630 416 3714 quaudoque
439 3629 611 3714 prodesset,
634 3634 710 3696 tunc
733 3632 897 3712 oportebat
917 3632 1077 3716 inciperet,
1101 3631 1223 3714 quando
1247 3631 1358 3697 conde-

233 3736 325 3800 batur
346 3734 423 3801 baec
445 3735 570 3814 ciuitas,
593 3754 673 3818 quae
695 3737 844 3820 gentibus
866 3737 1042 3820 imperaret.

643 3925 777 3994 CAPUT
799 3926 946 3991 XXVIII.

277 4048 331 4114 De
353 4047 425 4126 his,
450 4066 549 4130 quae
571 4047 617 4112 ad
640 4049 896 4132 euangelium
920 4047 1074 4114 Christi
1096 4049 1311 4132 pertinent,

397 4152 492 4236 quid
520 4151 620 4218 Osee
647 4156 687 4218 et
707 4155 823 4219 Amos
850 4154 1198 4238 propbetauerint.
1374 4197 1403 4240 ὓ

278 4274 359 4343 Osee
389 4275 487 4361 igitur
516 4276 677 4359 propbeta,
701 4280 816 4358 quanto
842 4276 1026 4357 profundius
1054 4275 1180 4358 quidem
1206 4278 1357 4360 quuitur,

234 4384 320 4446 tanto
349 4380 511 4465 operosius
536 4384 726 4464 penetratur.
763 4379 825 4447 Sed
850 4381 969 4464 aliquid
995 4381 1067 4445 inde
1094 4382 1280 4446 sumendum
1309 4387 1359 4448 est

271 4565 389 4628 bittine
408 4583 427 4620 ο
506 4567 590 4621 Proca
607 4568 664 4621 siue
682 4583 769 4636 snper.
787 4566 921 4622 Auentino
939 4584 990 4621 ors.
1010 4586 1029 4621 a
1095 4572 1112 4624 6
1130 4586 1298 4624 romanorum
1316 4570 1357 4625 bs

236 4653 253 4707 8
271 4668 370 4722 sosque
387 4668 401 4707 c
442 4655 474 4708 15
489 4660 554 4723 post
570 4655 700 4724 promissa
716 4670 777 4709 cuns
794 4655 945 4711 Dorsbcrto
962 4657 1102 4725 surculam
1115 4659 1199 4726 possi
1251 4659 1360 4712 oracula

238 4741 369 4809 abcpp,
392 4756 439 4794 ora
461 4741 512 4813 μ’
535 4741 632 4794 Dorsb.
654 4744 713 4811 (ors
734 4743 923 4812 prophetarum
945 4743 1118 4797 scribentium
1142 4745 1285 4798 soluuutur
1307 4745 1361 4799 scin

232 4828 305 4896 scrrs'
326 4833 425 4895 potest,
448 4829 554 4883 etiamst
574 4844 635 4881 curs
656 4829 809 4884 Dossbcrto
826 4846 918 4899 propr.
936 4847 966 4899 p.
988 4835 1006 4884 9
1026 4833 1209 4900 interpreteris
1230 4831 1359 4901 loquendi

239 4918 359 4983 potestas
382 4915 542 4968 conceditur.
565 4916 680 4973 oraculo
699 4917 894 4985 prophetarum
915 4934 976 4971 curs
998 4919 1187 4989 promissiones
1214 4921 1277 4981 sint,
1304 4919 1358 4974 sol·

239 5005 339 5055 uuutur
355 5007 387 5054 sot
404 5002 535 5070 promissa
552 5000 702 5068 soluuntur)
778 5005 813 5058 20
831 5005 963 5074 scrIptura
981 5007 1164 5075 abspppn5
1182 5023 1215 5060 es
1232 5007 1324 5078 script.
1342 5024 1360 5061 c

239 5089 272 5142 21
291 5088 407 5157 incipere
425 5088 518 5156 δορα
586 5090 620 5142 26
639 5086 779 5160 quandoq
847 5093 882 5146 27
901 5093 1046 5162 operiosius
1064 5110 1079 5149 c
1174 5098 1311 5164 pnotstur,
1327 5095 1361 5149 s'ss

239 5191 325 5245 scarp.
342 5177 538 5244 penetratura
606 5180 649 5230 est
665 5193 748 5232 osso
