3217 6325
274 1278 338 1341 508
623 1272 649 1329 8.
678 1271 830 1326 Aurelii
856 1269 1068 1341 Augustini

272 1463 1394 1551 lemspiritnmgratiaeetmisericordiametadspicicnt

273 1573 319 1637 ad
354 1592 411 1638 me
448 1592 515 1656 pro
550 1592 591 1638 eo
628 1572 728 1655 quod
768 1572 1085 1648 insultanerunt,
1127 1574 1164 1636 et
1199 1571 1396 1654 plangent

273 1698 392 1762 super
427 1698 469 1745 eo
507 1678 708 1762 planctum
745 1668 859 1759 quasi
895 1697 1015 1759 super
1050 1677 1313 1753 carissimum,
1356 1681 1396 1741 et

273 1785 469 1849 dolebunt
496 1784 634 1848 dolore
662 1784 775 1865 qnasi
799 1802 918 1865 super
940 1784 1202 1866 unigenitum.
1231 1782 1395 1866 Numquid

271 1892 333 1957 nisi
360 1892 418 1955 Dei
449 1895 498 1955 est
524 1889 641 1955 auferre
668 1908 775 1955 omnes
801 1894 909 1973 gentes
936 1890 1079 1954 inimicas
1106 1892 1230 1955 sanctae
1251 1889 1394 1954 ciuitatis
1425 1908 1440 1947 r

271 1997 478 2072 Hierusalem,
509 2015 588 2079 qnae
615 1996 783 2059 ueniant
810 2000 948 2060 contra
975 2015 1054 2072 eam,
1085 1995 1117 2060 id
1145 1999 1194 2060 eet
1220 1995 1393 2060 contrariae

272 2106 346 2167 sunt
376 2102 414 2177 ei,
449 2101 510 2177 uel,
543 2102 627 2166 siout
653 2101 705 2165 alii
737 2104 811 2166 sunt
836 2102 1040 2183 interpretati,
1071 2102 1242 2181 ueniunt
1274 2119 1394 2184 snper

271 2227 350 2284 eam,
377 2207 409 2271 id
438 2211 495 2284 est,
523 2211 559 2271 ut
585 2226 653 2272 eam
680 2207 740 2271 sihi
768 2207 937 2281 subiciant;
965 2211 1020 2272 aut
1047 2206 1200 2271 effundere
1223 2217 1318 2289 super
1341 2205 1393 2271 do·

270 2333 356 2378 mum
379 2313 480 2377 Dauid
512 2317 544 2378 et
571 2332 665 2396 super
692 2313 883 2378 habitatores
910 2312 1050 2377 eiusdem
1078 2313 1218 2378 ciuitatis
1245 2312 1392 2396 spiritum

270 2419 388 2502 gratiae
416 2423 448 2484 et
473 2418 722 2484 misericordiae?
749 2418 819 2484 Hoc
845 2417 955 2500 utique
977 2419 1035 2483 Dei
1063 2422 1121 2495 est,
1149 2421 1181 2483 et
1203 2437 1239 2483 er
1261 2436 1393 2501 persona
1413 2437 1441 2477 ro

270 2525 328 2589 Dei
355 2524 469 2589 dicitur
494 2544 548 2610 per
574 2525 770 2608 prophetam3
800 2528 961 2589 ettamen
989 2524 1071 2589 hunc
1098 2525 1199 2590 Deum
1226 2525 1303 2589 haec
1326 2527 1392 2589 tam

269 2651 381 2715 magna
412 2635 443 2696 et
474 2635 537 2696 tam
570 2631 675 2696 diuina
697 2632 861 2697 facientem
889 2650 923 2696 se
951 2629 1093 2696 Christus
1122 2631 1259 2696 ostendit
1285 2629 1392 2695 adinn-

271 2738 370 2818 gendo
393 2737 492 2820 adque
515 2736 658 2801 dicendo:
681 2738 727 2802 ut
753 2736 963 2820 adspicient
989 2738 1032 2803 ad
1062 2757 1116 2802 me
1142 2757 1206 2821 pro
1230 2755 1270 2801 eo
1294 2735 1391 2819 quod

270 2841 560 2919 ineuitaucrnnt‚
589 2846 624 2907 et
651 2843 828 2927 plangent
854 2861 1033 2925 snper-eo
1059 2843 1251 2926 planctum
1282 2842 1391 2925 quasi

271 2967 381 3030 snper
409 2950 639 3014 carissimum
668 2948 750 3033 (siue
779 2948 970 3025 dilectum)
994 2952 1031 3017 et
1058 2948 1239 3014 dolebunt
1262 2948 1391 3014 dolore
1412 2966 1438 3009 u

270 3057 379 3137 quasi
414 3075 523 3138 super
557 3055 798 3138 unigenitum.
836 3054 1012 3120 Paenitehit
1047 3057 1164 3138 quippe
1198 3053 1331 3120 Iudaeos
1359 3054 1390 3118 in

269 3161 319 3226 die
349 3160 413 3237 illa,
446 3161 539 3226 etiam
572 3181 636 3238 eos,
668 3161 721 3243 qui
752 3161 908 3244 accepturi
940 3166 1014 3226 sunt
1040 3160 1185 3243 spiritum
1213 3159 1332 3245 gratiae
1360 3162 1393 3225 et

262 3267 507 3344 misericordiae,
544 3268 626 3350 quod
661 3268 692 3331 in
725 3268 792 3332 cius
828 3268 973 3350 passione
1003 3267 1224 3331 insultanerint
1255 3265 1390 3343 Christo,

268 3392 341 3438 cum
364 3372 403 3437 ad
425 3393 496 3437 curn
519 3373 715 3456 adspexerint
736 3374 767 3438 in
791 3393 850 3438 sua
871 3374 1034 3438 maiestate
1057 3373 1232 3437 uenientem
1256 3391 1391 3455 eumque

268 3499 338 3545 esse
370 3480 582 3563 cognoueriut,
618 3500 709 3563 quem
741 3480 828 3563 prius
864 3479 1015 3543 humilem
1047 3479 1078 3542 in
1111 3479 1177 3543 suis
1209 3478 1391 3562 parentibus
1409 3499 1437 3539 eo

267 3585 453 3660 inluserunt;
478 3586 622 3668 quamuis
646 3592 678 3651 et
700 3586 761 3667 ipsi
778 3588 923 3670 parentes
941 3604 1048 3650 eorum
1066 3589 1172 3650 tantae
1188 3585 1276 3649 illius
1293 3585 1391 3668 inpie-

268 3693 342 3764 tatis
374 3694 517 3756 auctores
547 3696 744 3774 resurgentes
771 3690 924 3756 uidehunt
950 3709 1033 3768 enm,
1064 3690 1119 3755 sed
1145 3691 1293 3773 puniendi
1315 3691 1390 3764 iam,

268 3818 328 3862 non
355 3797 455 3862 adhuc
483 3797 662 3881 corrigendi.
690 3795 758 3862 Non
785 3797 892 3880 itaque
918 3797 1073 3862 hocloco
1099 3797 1160 3880 ipsi
1186 3796 1390 3881 intellegendi

269 3907 351 3979 sunt,
375 3903 429 3968 nhi
452 3902 569 3967 dictum
593 3908 654 3967 est:
682 3903 728 3968 Et
751 3902 938 3967 effundam
966 3922 1077 3986 super
1103 3901 1246 3969 domurn
1270 3902 1390 3968 Dauid

271 4014 308 4075 et
335 4026 445 4091 super
471 4008 702 4074 habitatores
725 4008 959 4074 Hierusalem
988 4008 1162 4091 spiritum
1186 4009 1329 4093 gratiae
1353 4012 1391 4074 et
1407 4027 1435 4068 rs

269 4115 563 4189 miscricordiam
588 4119 624 4178 et
646 4114 855 4197 adspicient
876 4113 920 4179 ad
941 4132 996 4178 me
1018 4128 1082 4195 pro
1101 4134 1141 4180 eo
1160 4113 1256 4196 quod
1274 4115 1390 4181 insut-

268 4223 456 4296 tauernnt;
486 4221 544 4286 aed
575 4223 677 4285 temen
711 4219 748 4285 de
774 4220 900 4285 illorum
927 4220 1025 4304 stirpe
1050 4221 1222 4297 uenientes,
1254 4220 1308 4303 qni
1334 4240 1391 4303 per

269 4327 392 4392 Heliam
414 4327 469 4392 illo
492 4331 630 4410 ternpore
647 4326 793 4392 credituri
813 4330 894 4393 suut.
914 4325 974 4391 Sed
994 4327 1077 4393 sicut
1095 4327 1228 4395 dicimus
1246 4327 1387 4391 Iudaeis:

268 4431 343 4497 ‘Vos
367 4431 525 4497 occidistis
549 4431 728 4508 Christum,
757 4433 901 4515 quamuis
927 4432 987 4498 hoc
1009 4437 1152 4515 parentes
1180 4451 1286 4497 eorum
1308 4431 1389 4496 fece-

268 4538 343 4603 rint:
367 4538 413 4602 sio
436 4542 467 4602 et
490 4538 544 4603 isti
567 4559 599 4604 se
622 4539 772 4604 dolebunt
794 4539 906 4604 fecisse
929 4540 1063 4622 quodam
1081 4540 1185 4616 modo,
1208 4538 1290 4622 quod
1307 4538 1387 4603 fece·
1406 4556 1432 4597 es

267 4647 341 4708 runt
361 4644 420 4722 illi,
443 4664 478 4708 er
501 4664 631 4727 quorum
656 4645 751 4727 stirpe
775 4645 974 4712 descendunt.
999 4644 1149 4724 Quamuis
1169 4664 1241 4730 crgo
1260 4648 1388 4727 eccepto

304 4831 812 4933 3snpereobepppc;supereum
832 4850 875 4888 co
944 4833 1087 4905 planctnp
1144 4835 1388 4904 7e1(=·cius)e

269 4945 286 4999 8
304 4911 437 5010 deffendere
453 4963 471 5014 p
541 4962 597 5015 sup.
617 4945 686 5000 dorn.
705 4947 793 5000 Dauid
812 4947 978 5002 effunderes
1051 4951 1083 5004 12
1101 4966 1129 5004 ec
1146 4949 1233 5019 ipsum
1251 4967 1278 5015 e,·
1296 4965 1353 5003 sese
1371 4964 1396 5001 o>

271 5060 303 5114 14
321 5060 463 5130 planctup
535 5061 567 5114 16
585 5061 612 5114 in
631 5060 674 5114 die
692 5062 740 5116 illa
758 5061 904 5118 Iudaeoso
976 5065 1007 5118 19
1026 5022 1206 5133 magestatee
1275 5064 1386 5118 231000

269 5146 355 5228 emb
408 5147 442 5201 28
459 5152 522 5201 sunt
539 5147 698 5203 credituris
749 5151 781 5206 31
802 5166 864 5220 ergo
883 5151 967 5205 emh
