3217 6325
282 1304 345 1368 382
618 1302 645 1355 S.
668 1302 820 1356 Aurelii
847 1303 1059 1371 Augustini

281 1495 410 1560 testium
438 1494 475 1559 ed
503 1496 633 1559 alienam
661 1513 784 1559 causam
815 1494 1017 1577 pertinentem
1046 1514 1190 1575 quaerere
1222 1495 1399 1561 ueritatem.

283 1599 364 1681 Quid
393 1619 463 1664 cum
489 1601 520 1664 in
543 1618 600 1664 sua
623 1618 716 1665 causa
738 1600 870 1682 quisque
892 1604 1055 1681 torquetur
1077 1607 1117 1677 et,
1146 1621 1217 1665 cum
1240 1602 1400 1682 quaeritur

282 1711 386 1771 utrum
422 1706 465 1770 sit
500 1725 622 1784 nocens,
659 1707 814 1771 cruciatur
848 1711 881 1770 et
913 1707 1059 1771 innocens
1095 1708 1157 1771 luit
1190 1726 1245 1790 pro
1280 1708 1398 1774 incerto

283 1814 398 1877 scelere
430 1812 618 1877 certissimas
644 1832 768 1895 poenus,
800 1831 860 1876 uon
888 1812 1064 1893 quiaillud
1091 1814 1286 1878 commisisse
1314 1814 1399 1879 dete·

284 1918 376 2002 gitur,
404 1918 459 1982 sed
485 1919 557 2001 quia
583 1938 642 1983 nou
669 1919 863 1983 commisisse
891 1920 1049 1983 nescitur?
1076 1920 1120 1984 Ac
1148 1939 1202 2001 per
1230 1920 1289 1983 boc
1311 1919 1399 2002 iguo·
1429 1944 1442 2004 s

283 2024 382 2088 rautia
412 2022 524 2087 iudicis
555 2024 736 2107 plerumque
768 2028 817 2087 est
842 2025 1003 2089 calamitas
1029 2025 1211 2090 innocentis.
1245 2026 1285 2088 Et
1314 2025 1400 2105 quod

284 2133 334 2194 est
354 2128 579 2193 intolerabilius
602 2129 763 2213 magisque
790 2129 996 2213 plangendum
1020 2130 1253 2215 rigandumque,
1282 2132 1309 2194 si
1332 2130 1401 2194 fieri

283 2235 395 2317 pessit,
427 2234 565 2299 lontibus
597 2234 801 2308 lacrimarum,
834 2254 903 2299 cum
935 2239 1098 2319 propterea
1128 2236 1219 2299 iudex
1253 2240 1402 2318 torqueat

286 2343 475 2416 accusatum,
506 2358 543 2403 ue
572 2338 691 2403 occidat
717 2339 858 2403 nesciens
885 2340 1086 2415 innocentem,
1114 2340 1150 2402 fit
1177 2360 1231 2421 per
1256 2340 1401 2423 ignoran-

285 2447 347 2512 tiae
369 2445 535 2521 miseriam,
563 2449 600 2507 ut
621 2447 652 2509 et
674 2446 791 2508 tortum
814 2448 846 2508 et
871 2445 1063 2509 innocentem
1086 2446 1217 2522 occidat,
1247 2465 1339 2527 quem
1362 2465 1400 2509 ue
1420 2474 1446 2512 ro

285 2554 478 2617 innocentem
514 2550 669 2615 occideret
699 2553 838 2616 torserat.
876 2550 909 2615 Si
945 2552 1025 2614 euim
1061 2552 1231 2615 secundum
1268 2551 1400 2615 istorum

286 2657 469 2739 sapientiem
501 2655 650 2739 delegerit
680 2676 715 2720 ex
747 2656 803 2719 hac
835 2658 902 2719 uita
932 2657 1039 2739 lugere
1072 2676 1164 2738 quam
1194 2655 1313 2719 diutius
1345 2657 1402 2719 illa

286 2762 439 2829 sustinere
465 2764 632 2826 tormenta:
661 2761 744 2844 quud
765 2781 824 2826 nou
848 2762 1013 2837 commisit,
1037 2762 1231 2826 commisisse
1257 2781 1291 2825 se
1314 2762 1401 2826 dicit.

288 2867 356 2948 Quo
392 2868 534 2933 damnato
570 2870 603 2931 et
637 2867 750 2941 occiso,
791 2871 895 2932 utrum
932 2871 1092 2933 nocentem
1129 2887 1166 2931 au
1206 2868 1401 2932 innocentem

286 2975 377 3040 iudex
403 2972 559 3049 occiderit,
590 2972 690 3037 adbuc
716 2972 824 3046 nescit,
852 2991 943 3054 quem
970 2992 1008 3036 ne
1035 2974 1226 3037 innocentem
1259 2974 1401 3037 nesciens
1419 2998 1445 3039 aa

289 3079 442 3146 occideret
467 3078 571 3154 torsit;
605 3096 640 3141 ec
667 3097 720 3160 per
746 3078 804 3141 hoc
831 3078 1025 3142 innocentem
1054 3083 1085 3141 et
1111 3083 1147 3141 nt
1174 3078 1267 3143 sciret
1297 3079 1400 3153 torsit,

288 3190 320 3252 et
342 3187 416 3251 dum
438 3185 571 3250 nesciret
593 3183 715 3248 occidit.
739 3185 773 3247 Iu
797 3183 846 3247 his
868 3184 1002 3248 tenebris
1025 3185 1109 3248 uitae
1132 3185 1256 3249 socialis
1279 3184 1402 3249 sedebit

288 3292 380 3357 iudex
402 3291 455 3355 ille
477 3290 598 3372 sapiens
622 3308 659 3353 an
683 3308 742 3353 non
766 3289 912 3353 audebit?
936 3288 1063 3353 Sedebit
1082 3290 1183 3371 plane.
1208 3289 1401 3373 Constringit

289 3399 368 3463 euim
406 3416 476 3460 eum
512 3399 544 3460 et
578 3394 617 3459 ad
652 3395 711 3458 hoc
743 3394 880 3465 officium
910 3395 1060 3478 pertrahit
1090 3396 1223 3459 bumana
1257 3395 1402 3467 societas,

291 3522 382 3587 quam
410 3501 549 3566 deserere
575 3500 659 3565 ueias
687 3499 782 3564 ducit.
809 3499 877 3563 Hoc
904 3499 984 3563 enim
1011 3499 1097 3563 uelas
1124 3518 1193 3563 esse
1221 3518 1281 3564 nou
1304 3498 1402 3573 ducit,
1420 3528 1448 3569 20

291 3607 372 3692 quod
398 3610 495 3671 testes
516 3606 694 3671 innocentes
716 3606 747 3670 iu
771 3605 875 3669 causis
897 3608 1079 3688 torquentur
1101 3605 1223 3680 alionis3
1253 3605 1335 3686 quod
1358 3605 1402 3681 bi,

290 3714 345 3796 qui
370 3715 551 3796 arguuntur,
578 3711 611 3774 ui
638 3710 752 3776 doloris
779 3711 960 3793 plerumque
988 3711 1125 3792 superati
1152 3713 1184 3774 et
1206 3711 1244 3774 de
1267 3728 1300 3773 se
1323 3709 1403 3773 falsa

292 3817 425 3883 confessi
455 3815 548 3880 etiam
580 3814 749 3897 puniuntur
774 3814 963 3890 innocentes,
996 3832 1066 3878 cum
1094 3815 1155 3877 iam
1184 3815 1256 3878 torti
1287 3813 1404 3878 luerint

290 3923 482 3996 innocentem
510 3919 601 4004 qued,
630 3919 689 3984 etsi
715 3939 774 3984 nou
800 3922 900 3983 morte
926 3920 1103 4002 puniantur,
1130 3920 1160 3983 iu
1188 3921 1263 4002 ipsis
1292 3919 1344 3983 uel
1367 3938 1403 3983 er

291 4028 368 4110 ipsis
391 4026 551 4091 tormentis
572 4025 753 4108 plerumque
776 4025 962 4099 morientum
987 4025 1068 4106 quod
1091 4026 1254 4106 aliquando
1278 4030 1310 4089 et
1330 4025 1402 4108 ipsi,
1420 4053 1448 4094 a

293 4134 346 4215 qui
369 4135 511 4216 arguunt,
538 4131 689 4194 humanae
712 4131 855 4195 societati
881 4130 1023 4207 sortasse,
1051 4150 1089 4195 ue
1112 4132 1241 4195 crimina
1261 4131 1404 4213 inpunita

293 4239 365 4315 siut,
388 4236 534 4319 prodesse
562 4235 719 4317 cupientes
743 4240 774 4300 et
797 4237 1018 4301 mentientibus
1040 4237 1175 4301 testibus
1198 4254 1312 4316 reoque
1335 4236 1403 4319 ipso

294 4348 399 4410 oontm
425 4345 577 4408 tormenta
603 4340 730 4406 durante
756 4341 920 4406 inmaniter
946 4361 1001 4407 uec
1028 4343 1143 4406 fatente
1170 4341 1297 4424 probare
1320 4341 1404 4421 quod

295 4449 434 4515 obiciunt
468 4466 527 4512 uon
563 4448 712 4523 ualentes,
749 4447 891 4528 quamuis
926 4466 1000 4511 uera
1035 4447 1212 4524 obiecerint,
1249 4465 1266 4510 a
1300 4446 1404 4510 iudice

294 4555 450 4621 nesciente
473 4552 661 4617 damnantur.
684 4551 769 4616 Haec
791 4555 840 4616 tot
861 4555 893 4616 et
908 4555 995 4617 tauta
1012 4554 1094 4617 mala
1112 4572 1169 4617 uon
1189 4552 1317 4634 deputat
1335 4569 1404 4615 esse
1422 4579 1449 4621 aa

331 4759 391 4812 2ἰιι
409 4773 468 4825 saep.
487 4757 567 4810 liae
636 4756 774 4810 9nescius
790 4774 809 4826 q
880 4755 912 4809 10
929 4760 1029 4810 tortum
1048 4762 1122 4825 estq
1194 4759 1222 4811 ll
1244 4758 1405 4825 occideritq

298 4847 329 4901 12
348 4845 477 4914 delegerit
494 4845 621 4912 begam·
638 4843 762 4912 diligeret
780 4860 812 4909 o‚·
830 4844 940 4913 elegerit
958 4862 971 4912 ρ
989 4845 1084 4898 Domb.
1192 4848 1223 4899 13
1242 4847 1403 4899 commisisse

297 4927 425 5029 dieittrp
479 4959 511 5013 18
529 4958 637 5012 audebit
653 4974 729 5025 mee.,·
746 4957 878 5013 sedebito
948 4960 1140 5029 constriugetq
1190 4963 1221 5014 19
1240 4960 1405 5029 pertrahetq

297 5050 331 5103 22
349 5065 377 5101 se
395 5064 476 5102 oeae
540 5047 573 5101 23
593 5063 650 5100 cum
666 5089 672 5099 .
687 5046 890 5105 ..innocentes
908 5047 939 5098 s'a
956 5063 1070 5116 orares
1131 5049 1165 5100 24
1183 5049 1238 5100 sie
1297 5049 1331 5101 25
1350 5053 1404 5100 tor-

297 5164 392 5218 mentis
409 5163 440 5216 in
457 5178 574 5232 cierge
625 5162 658 5215 29
677 5161 790 5231 uerbag
843 5127 1026 5230 30¹⁰seiante9
1095 5163 1133 5230 et]
1153 5179 1215 5216 ace
1273 5166 1404 5232 putantp
