<?xml version="1.0" encoding="UTF-8"?>
<!DOCTYPE html PUBLIC "-//W3C//DTD XHTML 1.0 Transitional//EN"
    "http://www.w3.org/TR/xhtml1/DTD/xhtml1-transitional.dtd">
<html xmlns="http://www.w3.org/1999/xhtml" xml:lang="en" lang="en">
 <head>
  <title>
</title>
<meta http-equiv="Content-Type" content="text/html;charset=utf-8" />
  <meta name='ocr-system' content='tesseract 3.04.00' />
  <meta name='ocr-capabilities' content='ocr_page ocr_carea ocr_par ocr_line ocrx_word'/>
</head>
<body>
  <div class='ocr_page' id='page_1' title='image "./sanctiavreliiav00hoffgoog_0634.png"; bbox 0 0 3217 6325; ppageno 0'>
   <div class='ocr_carea' id='block_1_1' title="bbox 223 1268 1017 1337">
    <p class='ocr_par' dir='ltr' id='par_1_1' title="bbox 223 1268 1017 1337">
     <span class='ocr_line' id='line_1_1' title="bbox 223 1268 1017 1337; baseline -0.008 -10"><span class='ocrx_word' id='word_1_1' title='bbox 223 1272 289 1336; x_wconf 79' lang='grc'><strong>620</strong></span> <span class='ocrx_word' id='word_1_2' title='bbox 568 1268 594 1322; x_wconf 88' lang='lat' dir='ltr'><strong>S.</strong></span> <span class='ocrx_word' id='word_1_3' title='bbox 622 1268 777 1322; x_wconf 79' lang='lat' dir='ltr'><strong>Aurelii</strong></span> <span class='ocrx_word' id='word_1_4' title='bbox 803 1269 1017 1337; x_wconf 72' lang='lat' dir='ltr'>Augustini</span> 
     </span>
    </p>
   </div>
   <div class='ocr_carea' id='block_1_2' title="bbox 224 1458 1407 4092">
    <p class='ocr_par' dir='ltr' id='par_1_2' title="bbox 224 1458 1404 2286">
     <span class='ocr_line' id='line_1_2' title="bbox 226 1458 1363 1543; baseline -0.001 -17"><span class='ocrx_word' id='word_1_5' title='bbox 226 1466 310 1526; x_wconf 87' lang='lat' dir='ltr'><strong>corte</strong></span> <span class='ocrx_word' id='word_1_6' title='bbox 342 1460 454 1538; x_wconf 88' lang='lat' dir='ltr'><strong>maius,</strong></span> <span class='ocrx_word' id='word_1_7' title='bbox 485 1479 580 1543; x_wconf 89' lang='lat' dir='ltr'><strong>quam</strong></span> <span class='ocrx_word' id='word_1_8' title='bbox 611 1460 642 1525; x_wconf 93' lang='lat' dir='ltr'><strong>in</strong></span> <span class='ocrx_word' id='word_1_9' title='bbox 674 1460 738 1525; x_wconf 90' lang='lat' dir='ltr'><strong>ista</strong></span> <span class='ocrx_word' id='word_1_10' title='bbox 768 1478 840 1527; x_wconf 88' lang='lat' dir='ltr'><strong>esse</strong></span> <span class='ocrx_word' id='word_1_11' title='bbox 867 1459 1065 1542; x_wconf 79' lang='lat' dir='ltr'><strong>corruptione</strong></span> <span class='ocrx_word' id='word_1_12' title='bbox 1091 1458 1207 1541; x_wconf 87' lang='lat' dir='ltr'><strong>potuit,</strong></span> <span class='ocrx_word' id='word_1_13' title='bbox 1239 1460 1273 1524; x_wconf 93' lang='lat' dir='ltr'><strong>in</strong></span> <span class='ocrx_word' id='word_1_14' title='bbox 1305 1460 1363 1525; x_wconf 85' lang='lat' dir='ltr'><strong>illa</strong></span> 
     </span>
     <span class='ocr_line' id='line_1_3' title="bbox 224 1564 1363 1651; baseline 0 -19"><span class='ocrx_word' id='word_1_15' title='bbox 224 1567 288 1632; x_wconf 89' lang='lat' dir='ltr'><strong>iam</strong></span> <span class='ocrx_word' id='word_1_16' title='bbox 315 1565 538 1632; x_wconf 76' lang='lat' dir='ltr'><strong>inmortalitate</strong></span> <span class='ocrx_word' id='word_1_17' title='bbox 565 1585 636 1632; x_wconf 89' lang='lat' dir='ltr'><strong>esse</strong></span> <span class='ocrx_word' id='word_1_18' title='bbox 663 1565 813 1638; x_wconf 78' lang='lat' dir='ltr'><strong>debebit?</strong></span> <span class='ocrx_word' id='word_1_19' title='bbox 845 1564 880 1632; x_wconf 85' lang='lat' dir='ltr'><strong>si</strong></span> <span class='ocrx_word' id='word_1_20' title='bbox 906 1569 1014 1631; x_wconf 87' lang='lat' dir='ltr'><strong>sutem</strong></span> <span class='ocrx_word' id='word_1_21' title='bbox 1040 1584 1100 1632; x_wconf 93' lang='lat' dir='ltr'><strong>non</strong></span> <span class='ocrx_word' id='word_1_22' title='bbox 1127 1564 1256 1643; x_wconf 74' lang='lat' dir='ltr'><strong>redibit</strong></span> <span class='ocrx_word' id='word_1_23' title='bbox 1285 1586 1363 1651; x_wconf 81' lang='lat' dir='ltr'><strong>ergo</strong></span> 
     </span>
     <span class='ocr_line' id='line_1_4' title="bbox 227 1671 1364 1757; baseline 0.001 -20"><span class='ocrx_word' id='word_1_24' title='bbox 227 1672 347 1755; x_wconf 82' lang='lat' dir='ltr'><strong>peribit</strong></span> <span class='ocrx_word' id='word_1_25' title='bbox 375 1671 444 1754; x_wconf 82' lang='lat' dir='ltr'><strong>Quo</strong></span> <span class='ocrx_word' id='word_1_26' title='bbox 472 1671 564 1738; x_wconf 92' lang='lat' dir='ltr'><strong>modo</strong></span> <span class='ocrx_word' id='word_1_27' title='bbox 587 1672 695 1757; x_wconf 83' lang='lat' dir='ltr'><strong>igitur,</strong></span> <span class='ocrx_word' id='word_1_28' title='bbox 718 1672 874 1754; x_wconf 76' lang='lat' dir='ltr'><strong>inquiunt,</strong></span> <span class='ocrx_word' id='word_1_29' title='bbox 903 1672 1037 1754; x_wconf 77' lang='lat' dir='ltr'><strong>capillus</strong></span> <span class='ocrx_word' id='word_1_30' title='bbox 1060 1672 1172 1754; x_wconf 85' lang='lat' dir='ltr'><strong>cepitis</strong></span> <span class='ocrx_word' id='word_1_31' title='bbox 1195 1692 1258 1737; x_wconf 92' lang='lat' dir='ltr'><strong>non</strong></span> <span class='ocrx_word' id='word_1_32' title='bbox 1281 1674 1364 1757; x_wconf 93' lang='lat' dir='ltr'><strong>peri·</strong></span> 
     </span>
     <span class='ocr_line' id='line_1_5' title="bbox 227 1778 1362 1862; baseline 0.002 -20"><span class='ocrx_word' id='word_1_33' title='bbox 227 1779 296 1844; x_wconf 79' lang='lat' dir='ltr'><strong>bit?</strong></span> <span class='ocrx_word' id='word_1_34' title='bbox 332 1779 379 1844; x_wconf 92' lang='lat' dir='ltr'><strong>De</strong></span> <span class='ocrx_word' id='word_1_35' title='bbox 414 1779 516 1844; x_wconf 89' lang='lat' dir='ltr'><strong>macie</strong></span> <span class='ocrx_word' id='word_1_36' title='bbox 547 1797 669 1862; x_wconf 85' lang='lat' dir='ltr'><strong>quoque</strong></span> <span class='ocrx_word' id='word_1_37' title='bbox 706 1778 758 1843; x_wconf 93' lang='lat' dir='ltr'><strong>uel</strong></span> <span class='ocrx_word' id='word_1_38' title='bbox 788 1778 977 1862; x_wconf 78' lang='lat' dir='ltr'>pinguedine</span> <span class='ocrx_word' id='word_1_39' title='bbox 1009 1778 1155 1844; x_wconf 87' lang='lat' dir='ltr'><strong>similiter</strong></span> <span class='ocrx_word' id='word_1_40' title='bbox 1185 1779 1362 1860; x_wconf 87' lang='lat' dir='ltr'><strong>disputant</strong></span> 
     </span>
     <span class='ocr_line' id='line_1_6' title="bbox 228 1876 1404 1967; baseline 0 -18"><span class='ocrx_word' id='word_1_41' title='bbox 228 1885 309 1950; x_wconf 85' lang='lat' dir='ltr'><strong>Nem</strong></span> <span class='ocrx_word' id='word_1_42' title='bbox 342 1886 369 1950; x_wconf 90' lang='lat' dir='ltr'><strong>si</strong></span> <span class='ocrx_word' id='word_1_43' title='bbox 401 1884 547 1967; x_wconf 80' lang='lat' dir='ltr'>aequales</span> <span class='ocrx_word' id='word_1_44' title='bbox 580 1876 690 1949; x_wconf 86' lang='lat' dir='ltr'><strong>omnes</strong></span> <span class='ocrx_word' id='word_1_45' title='bbox 719 1887 821 1961; x_wconf 74' lang='lat' dir='ltr'><strong>erunt,</strong></span> <span class='ocrx_word' id='word_1_46' title='bbox 853 1903 914 1949; x_wconf 94' lang='lat' dir='ltr'><strong>non</strong></span> <span class='ocrx_word' id='word_1_47' title='bbox 941 1883 1052 1967; x_wconf 88' lang='lat' dir='ltr'><strong>utique</strong></span> <span class='ocrx_word' id='word_1_48' title='bbox 1080 1884 1135 1948; x_wconf 88' lang='lat' dir='ltr'><strong>alii</strong></span> <span class='ocrx_word' id='word_1_49' title='bbox 1165 1886 1275 1962; x_wconf 86' lang='lat' dir='ltr'><strong>macri,</strong></span> <span class='ocrx_word' id='word_1_50' title='bbox 1305 1886 1363 1950; x_wconf 87' lang='lat' dir='ltr'><strong>alii</strong></span> <span class='ocrx_word' id='word_1_51' title='bbox 1391 1905 1404 1942; x_wconf 77' lang='lat' dir='ltr'><strong>s</strong></span> 
     </span>
     <span class='ocr_line' id='line_1_7' title="bbox 227 1976 1361 2075; baseline 0.001 -20"><span class='ocrx_word' id='word_1_52' title='bbox 227 1992 361 2075; x_wconf 79' lang='lat' dir='ltr'><strong>pingues</strong></span> <span class='ocrx_word' id='word_1_53' title='bbox 388 1993 488 2056; x_wconf 88' lang='lat' dir='ltr'><strong>erunt.</strong></span> <span class='ocrx_word' id='word_1_54' title='bbox 514 1976 653 2056; x_wconf 83' lang='lat' dir='ltr'><strong>Accedet</strong></span> <span class='ocrx_word' id='word_1_55' title='bbox 676 2008 750 2074; x_wconf 79' lang='lat' dir='ltr'><strong>ergo</strong></span> <span class='ocrx_word' id='word_1_56' title='bbox 775 1990 847 2056; x_wconf 93' lang='lat' dir='ltr'><strong>aliis</strong></span> <span class='ocrx_word' id='word_1_57' title='bbox 870 1989 1000 2072; x_wconf 86' lang='lat' dir='ltr'><strong>aliquid,</strong></span> <span class='ocrx_word' id='word_1_58' title='bbox 1028 1990 1099 2055; x_wconf 90' lang='lat' dir='ltr'><strong>aliis</strong></span> <span class='ocrx_word' id='word_1_59' title='bbox 1122 1990 1300 2065; x_wconf 64' lang='lat' dir='ltr'><strong>minuetum</strong></span> <span class='ocrx_word' id='word_1_60' title='bbox 1325 2010 1361 2056; x_wconf 89' lang='lat' dir='ltr'><strong>ao</strong></span> 
     </span>
     <span class='ocr_line' id='line_1_8' title="bbox 227 2094 1361 2181; baseline 0 -20"><span class='ocrx_word' id='word_1_61' title='bbox 227 2116 283 2179; x_wconf 89' lang='lat' dir='ltr'><strong>per</strong></span> <span class='ocrx_word' id='word_1_62' title='bbox 309 2096 369 2162; x_wconf 90' lang='lat' dir='ltr'><strong>hoo</strong></span> <span class='ocrx_word' id='word_1_63' title='bbox 396 2116 467 2172; x_wconf 78' lang='lat' dir='ltr'><strong>non.</strong></span> <span class='ocrx_word' id='word_1_64' title='bbox 495 2096 579 2180; x_wconf 89' lang='lat' dir='ltr'><strong>quod</strong></span> <span class='ocrx_word' id='word_1_65' title='bbox 607 2100 683 2172; x_wconf 86' lang='lat' dir='ltr'><strong>erat,</strong></span> <span class='ocrx_word' id='word_1_66' title='bbox 711 2095 936 2181; x_wconf 83' lang='lat' dir='ltr'><strong>recipiendum,</strong></span> <span class='ocrx_word' id='word_1_67' title='bbox 964 2094 1020 2161; x_wconf 88' lang='lat' dir='ltr'><strong>sed</strong></span> <span class='ocrx_word' id='word_1_68' title='bbox 1042 2096 1159 2162; x_wconf 88' lang='lat' dir='ltr'><strong>alicubi</strong></span> <span class='ocrx_word' id='word_1_69' title='bbox 1182 2096 1361 2162; x_wconf 89' lang='lat' dir='ltr'><strong>addendum</strong></span> 
     </span>
     <span class='ocr_line' id='line_1_9' title="bbox 228 2202 1191 2286; baseline -0.001 -18"><span class='ocrx_word' id='word_1_70' title='bbox 228 2203 288 2280; x_wconf 79' lang='lat' dir='ltr'><strong>est,</strong></span> <span class='ocrx_word' id='word_1_71' title='bbox 311 2202 395 2285; x_wconf 86' lang='lat' dir='ltr'><strong>quod</strong></span> <span class='ocrx_word' id='word_1_72' title='bbox 417 2222 477 2278; x_wconf 92' lang='lat' dir='ltr'><strong>non</strong></span> <span class='ocrx_word' id='word_1_73' title='bbox 501 2202 571 2281; x_wconf 80' lang='lat' dir='ltr'><strong>luit,</strong></span> <span class='ocrx_word' id='word_1_74' title='bbox 595 2206 627 2267; x_wconf 88' lang='lat' dir='ltr'><strong>et</strong></span> <span class='ocrx_word' id='word_1_75' title='bbox 650 2202 768 2268; x_wconf 83' lang='lat' dir='ltr'><strong>alicubi</strong></span> <span class='ocrx_word' id='word_1_76' title='bbox 788 2202 991 2286; x_wconf 85' lang='lat' dir='ltr'><strong>perdendum,</strong></span> <span class='ocrx_word' id='word_1_77' title='bbox 1014 2202 1099 2286; x_wconf 85' lang='lat' dir='ltr'><strong>quod</strong></span> <span class='ocrx_word' id='word_1_78' title='bbox 1120 2202 1191 2268; x_wconf 81' lang='lat' dir='ltr'><strong>fuit.</strong></span> 
     </span>
    </p>

    <p class='ocr_par' dir='ltr' id='par_1_3' title="bbox 229 2308 1407 4092">
     <span class='ocr_line' id='line_1_10' title="bbox 271 2308 1362 2394; baseline 0 -19"><span class='ocrx_word' id='word_1_79' title='bbox 271 2308 319 2375; x_wconf 88' lang='lat' dir='ltr'><strong>De</strong></span> <span class='ocrx_word' id='word_1_80' title='bbox 349 2310 428 2393; x_wconf 93' lang='lat' dir='ltr'><strong>ipsis</strong></span> <span class='ocrx_word' id='word_1_81' title='bbox 460 2310 556 2375; x_wconf 83' lang='lat' dir='ltr'><strong>etiam</strong></span> <span class='ocrx_word' id='word_1_82' title='bbox 587 2310 841 2394; x_wconf 78' lang='lat' dir='ltr'><strong>corruptionibus</strong></span> <span class='ocrx_word' id='word_1_83' title='bbox 872 2311 906 2375; x_wconf 94' lang='lat' dir='ltr'><strong>et</strong></span> <span class='ocrx_word' id='word_1_84' title='bbox 932 2308 1161 2392; x_wconf 76' lang='lat' dir='ltr'><strong>dilapsionibus</strong></span> <span class='ocrx_word' id='word_1_85' title='bbox 1194 2327 1362 2393; x_wconf 88' lang='lat' dir='ltr'><strong>corporum</strong></span> 
     </span>
     <span class='ocr_line' id='line_1_11' title="bbox 229 2414 1403 2503; baseline 0.001 -23"><span class='ocrx_word' id='word_1_86' title='bbox 229 2419 435 2503; x_wconf 89' lang='lat' dir='ltr'><strong>mortuorum,</strong></span> <span class='ocrx_word' id='word_1_87' title='bbox 464 2434 535 2481; x_wconf 90' lang='lat' dir='ltr'><strong>oum</strong></span> <span class='ocrx_word' id='word_1_88' title='bbox 562 2414 650 2481; x_wconf 90' lang='lat' dir='ltr'><strong>aliud</strong></span> <span class='ocrx_word' id='word_1_89' title='bbox 676 2419 820 2482; x_wconf 64' lang='lat' dir='ltr'><strong>nodatur</strong></span> <span class='ocrx_word' id='word_1_90' title='bbox 845 2416 875 2481; x_wconf 92' lang='lat' dir='ltr'><strong>in</strong></span> <span class='ocrx_word' id='word_1_91' title='bbox 902 2417 1078 2499; x_wconf 83' lang='lat' dir='ltr'><strong>puluerem,</strong></span> <span class='ocrx_word' id='word_1_92' title='bbox 1104 2415 1136 2480; x_wconf 93' lang='lat' dir='ltr'><strong>in</strong></span> <span class='ocrx_word' id='word_1_93' title='bbox 1159 2434 1251 2480; x_wconf 87' lang='lat' dir='ltr'><strong>auras</strong></span> <span class='ocrx_word' id='word_1_94' title='bbox 1275 2416 1363 2481; x_wconf 89' lang='lat' dir='ltr'><strong>aliud</strong></span> <span class='ocrx_word' id='word_1_95' title='bbox 1380 2434 1403 2472; x_wconf 82' lang='lat' dir='ltr'><strong>n</strong></span> 
     </span>
     <span class='ocr_line' id='line_1_12' title="bbox 229 2521 1362 2607; baseline 0.002 -21"><span class='ocrx_word' id='word_1_96' title='bbox 229 2522 401 2599; x_wconf 75' lang='lat' dir='ltr'><strong>exhaletur,</strong></span> <span class='ocrx_word' id='word_1_97' title='bbox 425 2522 488 2587; x_wconf 86' lang='lat' dir='ltr'><strong>sint</strong></span> <span class='ocrx_word' id='word_1_98' title='bbox 510 2541 590 2606; x_wconf 82' lang='lat' dir='ltr'><strong>quos</strong></span> <span class='ocrx_word' id='word_1_99' title='bbox 612 2521 745 2601; x_wconf 85' lang='lat' dir='ltr'><strong>bestiae,</strong></span> <span class='ocrx_word' id='word_1_100' title='bbox 772 2523 838 2589; x_wconf 91' lang='lat' dir='ltr'><strong>sint</strong></span> <span class='ocrx_word' id='word_1_101' title='bbox 860 2541 939 2605; x_wconf 89' lang='lat' dir='ltr'><strong>quos</strong></span> <span class='ocrx_word' id='word_1_102' title='bbox 962 2523 1045 2607; x_wconf 89' lang='lat' dir='ltr'><strong>ignis</strong></span> <span class='ocrx_word' id='word_1_103' title='bbox 1068 2522 1217 2600; x_wconf 75' lang='lat' dir='ltr'><strong>absumit,</strong></span> <span class='ocrx_word' id='word_1_104' title='bbox 1240 2523 1362 2588; x_wconf 85' lang='lat' dir='ltr'><strong>nuuiru·</strong></span> 
     </span>
     <span class='ocr_line' id='line_1_13' title="bbox 229 2627 1361 2713; baseline 0.002 -21"><span class='ocrx_word' id='word_1_105' title='bbox 229 2628 281 2713; x_wconf 81' lang='lat' dir='ltr'><strong>gio</strong></span> <span class='ocrx_word' id='word_1_106' title='bbox 314 2628 365 2694; x_wconf 92' lang='lat' dir='ltr'><strong>uel</strong></span> <span class='ocrx_word' id='word_1_107' title='bbox 396 2627 646 2713; x_wconf 86' lang='lat' dir='ltr'><strong>quibuscumque</strong></span> <span class='ocrx_word' id='word_1_108' title='bbox 675 2628 767 2711; x_wconf 87' lang='lat' dir='ltr'><strong>equis</strong></span> <span class='ocrx_word' id='word_1_109' title='bbox 793 2628 840 2693; x_wconf 91' lang='lat' dir='ltr'><strong>ita</strong></span> <span class='ocrx_word' id='word_1_110' title='bbox 866 2628 994 2712; x_wconf 90' lang='lat' dir='ltr'><strong>quidam</strong></span> <span class='ocrx_word' id='word_1_111' title='bbox 1020 2632 1159 2711; x_wconf 81' lang='lat' dir='ltr'><strong>pereant,</strong></span> <span class='ocrx_word' id='word_1_112' title='bbox 1189 2631 1361 2695; x_wconf 87' lang='lat' dir='ltr'><strong>uteorum</strong></span> 
     </span>
     <span class='ocr_line' id='line_1_14' title="bbox 229 2735 1362 2819; baseline 0.004 -21"><span class='ocrx_word' id='word_1_113' title='bbox 229 2752 336 2799; x_wconf 87' lang='lat' dir='ltr'><strong>carnes</strong></span> <span class='ocrx_word' id='word_1_114' title='bbox 364 2735 395 2800; x_wconf 92' lang='lat' dir='ltr'><strong>in</strong></span> <span class='ocrx_word' id='word_1_115' title='bbox 419 2754 559 2801; x_wconf 91' lang='lat' dir='ltr'><strong>umorem</strong></span> <span class='ocrx_word' id='word_1_116' title='bbox 582 2735 715 2818; x_wconf 89' lang='lat' dir='ltr'><strong>putredo</strong></span> <span class='ocrx_word' id='word_1_117' title='bbox 739 2735 906 2814; x_wconf 86' lang='lat' dir='ltr'><strong>dissoluat,</strong></span> <span class='ocrx_word' id='word_1_118' title='bbox 934 2755 996 2802; x_wconf 94' lang='lat' dir='ltr'><strong>non</strong></span> <span class='ocrx_word' id='word_1_119' title='bbox 1019 2735 1218 2802; x_wconf 85' lang='lat' dir='ltr'><strong>mediocriter</strong></span> <span class='ocrx_word' id='word_1_120' title='bbox 1240 2755 1362 2819; x_wconf 91' lang='lat' dir='ltr'><strong>permo-</strong></span> 
     </span>
     <span class='ocr_line' id='line_1_15' title="bbox 229 2839 1363 2926; baseline 0.002 -23"><span class='ocrx_word' id='word_1_121' title='bbox 229 2843 344 2904; x_wconf 89' lang='lat' dir='ltr'><strong>uontur</strong></span> <span class='ocrx_word' id='word_1_122' title='bbox 374 2840 476 2924; x_wconf 86' lang='lat' dir='ltr'><strong>sdque</strong></span> <span class='ocrx_word' id='word_1_123' title='bbox 503 2840 608 2905; x_wconf 91' lang='lat' dir='ltr'><strong>omnia</strong></span> <span class='ocrx_word' id='word_1_124' title='bbox 633 2840 696 2906; x_wconf 90' lang='lat' dir='ltr'><strong>ista</strong></span> <span class='ocrx_word' id='word_1_125' title='bbox 721 2839 864 2925; x_wconf 79' lang='lat' dir='ltr'><strong>recolligi</strong></span> <span class='ocrx_word' id='word_1_126' title='bbox 890 2841 922 2905; x_wconf 88' lang='lat' dir='ltr'><strong>iu</strong></span> <span class='ocrx_word' id='word_1_127' title='bbox 950 2859 1075 2906; x_wconf 88' lang='lat' dir='ltr'><strong>carnem</strong></span> <span class='ocrx_word' id='word_1_128' title='bbox 1102 2843 1136 2906; x_wconf 90' lang='lat' dir='ltr'><strong>et</strong></span> <span class='ocrx_word' id='word_1_129' title='bbox 1156 2840 1363 2926; x_wconf 79' lang='lat' dir='ltr'><strong>redintegrari</strong></span> 
     </span>
     <span class='ocr_line' id='line_1_16' title="bbox 230 2942 1402 3029; baseline 0.001 -19"><span class='ocrx_word' id='word_1_130' title='bbox 230 2963 323 3028; x_wconf 91' lang='lat' dir='ltr'><strong>posse</strong></span> <span class='ocrx_word' id='word_1_131' title='bbox 349 2964 410 3011; x_wconf 93' lang='lat' dir='ltr'><strong>non</strong></span> <span class='ocrx_word' id='word_1_132' title='bbox 438 2942 576 3011; x_wconf 85' lang='lat' dir='ltr'><strong>eredunt.</strong></span> <span class='ocrx_word' id='word_1_133' title='bbox 604 2944 835 3011; x_wconf 77' lang='lat' dir='ltr'><strong>Consectantur</strong></span> <span class='ocrx_word' id='word_1_134' title='bbox 856 2945 952 3011; x_wconf 85' lang='lat' dir='ltr'><strong>etium</strong></span> <span class='ocrx_word' id='word_1_135' title='bbox 975 2962 1117 3029; x_wconf 86' lang='lat' dir='ltr'><strong>quasque</strong></span> <span class='ocrx_word' id='word_1_136' title='bbox 1138 2944 1309 3013; x_wconf 76' lang='lat' dir='ltr'><strong>foeditates</strong></span> <span class='ocrx_word' id='word_1_137' title='bbox 1332 2950 1364 3011; x_wconf 87' lang='lat' dir='ltr'><strong>et</strong></span> <span class='ocrx_word' id='word_1_138' title='bbox 1379 2969 1402 3011; x_wconf 84' lang='grc' dir='ltr'>ιι</span> 
     </span>
     <span class='ocr_line' id='line_1_17' title="bbox 230 3051 1361 3135; baseline 0.002 -20"><span class='ocrx_word' id='word_1_139' title='bbox 230 3051 318 3131; x_wconf 82' lang='lat' dir='ltr'><strong>uitia,</strong></span> <span class='ocrx_word' id='word_1_140' title='bbox 346 3052 415 3118; x_wconf 88' lang='lat' dir='ltr'><strong>sius</strong></span> <span class='ocrx_word' id='word_1_141' title='bbox 442 3051 587 3118; x_wconf 86' lang='lat' dir='ltr'><strong>accidant</strong></span> <span class='ocrx_word' id='word_1_142' title='bbox 609 3053 678 3117; x_wconf 88' lang='lat' dir='ltr'><strong>siue</strong></span> <span class='ocrx_word' id='word_1_143' title='bbox 701 3055 879 3130; x_wconf 73' lang='lat' dir='ltr'><strong>amnentur,</strong></span> <span class='ocrx_word' id='word_1_144' title='bbox 901 3051 957 3117; x_wconf 91' lang='lat' dir='ltr'><strong>ubi</strong></span> <span class='ocrx_word' id='word_1_145' title='bbox 979 3054 1013 3117; x_wconf 92' lang='lat' dir='ltr'><strong>et</strong></span> <span class='ocrx_word' id='word_1_146' title='bbox 1034 3056 1230 3119; x_wconf 88' lang='lat' dir='ltr'><strong>monstrosos</strong></span> <span class='ocrx_word' id='word_1_147' title='bbox 1252 3055 1361 3135; x_wconf 82' lang='lat' dir='ltr'><strong>partus</strong></span> 
     </span>
     <span class='ocr_line' id='line_1_18' title="bbox 231 3157 1363 3243; baseline 0.001 -20"><span class='ocrx_word' id='word_1_148' title='bbox 231 3177 303 3224; x_wconf 90' lang='lat' dir='ltr'><strong>cum</strong></span> <span class='ocrx_word' id='word_1_149' title='bbox 325 3157 451 3225; x_wconf 88' lang='lat' dir='ltr'><strong>horrore</strong></span> <span class='ocrx_word' id='word_1_150' title='bbox 468 3157 570 3243; x_wconf 85' lang='lat' dir='ltr'><strong>adque</strong></span> <span class='ocrx_word' id='word_1_151' title='bbox 588 3158 736 3226; x_wconf 79' lang='lat' dir='ltr'><strong>inrisione</strong></span> <span class='ocrx_word' id='word_1_152' title='bbox 754 3162 1010 3239; x_wconf 84' lang='lat' dir='ltr'><strong>commemorent,</strong></span> <span class='ocrx_word' id='word_1_153' title='bbox 1029 3162 1062 3225; x_wconf 89' lang='lat' dir='ltr'><strong>st</strong></span> <span class='ocrx_word' id='word_1_154' title='bbox 1078 3159 1252 3242; x_wconf 86' lang='lat' dir='ltr'><strong>requirnnt,</strong></span> <span class='ocrx_word' id='word_1_155' title='bbox 1271 3177 1363 3243; x_wconf 80' lang='lat' dir='ltr'><strong>quae</strong></span> 
     </span>
     <span class='ocr_line' id='line_1_19' title="bbox 231 3264 1363 3349; baseline 0.001 -20"><span class='ocrx_word' id='word_1_156' title='bbox 231 3283 302 3329; x_wconf 86' lang='lat' dir='ltr'><strong>nam</strong></span> <span class='ocrx_word' id='word_1_157' title='bbox 338 3267 491 3349; x_wconf 87' lang='lat' dir='ltr'><strong>cuiusque</strong></span> <span class='ocrx_word' id='word_1_158' title='bbox 524 3265 732 3332; x_wconf 81' lang='lat' dir='ltr'><strong>deformitatis</strong></span> <span class='ocrx_word' id='word_1_159' title='bbox 766 3267 954 3331; x_wconf 88' lang='lat' dir='ltr'><strong>resurrectio</strong></span> <span class='ocrx_word' id='word_1_160' title='bbox 986 3266 1030 3331; x_wconf 93' lang='lat' dir='ltr'><strong>sit</strong></span> <span class='ocrx_word' id='word_1_161' title='bbox 1059 3266 1176 3331; x_wconf 84' lang='lat' dir='ltr'><strong>future.</strong></span> <span class='ocrx_word' id='word_1_162' title='bbox 1209 3264 1244 3332; x_wconf 86' lang='lat' dir='ltr'><strong>Si</strong></span> <span class='ocrx_word' id='word_1_163' title='bbox 1281 3267 1363 3331; x_wconf 92' lang='lat' dir='ltr'><strong>enim</strong></span> 
     </span>
     <span class='ocr_line' id='line_1_20' title="bbox 230 3370 1362 3455; baseline 0.002 -20"><span class='ocrx_word' id='word_1_164' title='bbox 230 3370 310 3436; x_wconf 88' lang='lat' dir='ltr'><strong>nihil</strong></span> <span class='ocrx_word' id='word_1_165' title='bbox 340 3372 404 3436; x_wconf 89' lang='lat' dir='ltr'><strong>tale</strong></span> <span class='ocrx_word' id='word_1_166' title='bbox 426 3371 525 3437; x_wconf 91' lang='lat' dir='ltr'><strong>redire</strong></span> <span class='ocrx_word' id='word_1_167' title='bbox 554 3372 584 3435; x_wconf 93' lang='lat' dir='ltr'><strong>in</strong></span> <span class='ocrx_word' id='word_1_168' title='bbox 612 3390 725 3454; x_wconf 86' lang='lat' dir='ltr'><strong>eorpus</strong></span> <span class='ocrx_word' id='word_1_169' title='bbox 754 3371 890 3437; x_wconf 89' lang='lat' dir='ltr'><strong>bominis</strong></span> <span class='ocrx_word' id='word_1_170' title='bbox 921 3372 1100 3450; x_wconf 82' lang='lat' dir='ltr'><strong>dixerimus,</strong></span> <span class='ocrx_word' id='word_1_171' title='bbox 1126 3372 1362 3455; x_wconf 82' lang='lat' dir='ltr'><strong>responsionem</strong></span> 
     </span>
     <span class='ocr_line' id='line_1_21' title="bbox 231 3476 1403 3562; baseline 0 -21"><span class='ocrx_word' id='word_1_172' title='bbox 231 3480 367 3542; x_wconf 87' lang='lat' dir='ltr'><strong>nostram</strong></span> <span class='ocrx_word' id='word_1_173' title='bbox 396 3476 435 3542; x_wconf 93' lang='lat' dir='ltr'><strong>de</strong></span> <span class='ocrx_word' id='word_1_174' title='bbox 457 3478 537 3545; x_wconf 86' lang='lat' dir='ltr'><strong>locis</strong></span> <span class='ocrx_word' id='word_1_175' title='bbox 564 3477 740 3554; x_wconf 80' lang='lat' dir='ltr'><strong>uulnerum,</strong></span> <span class='ocrx_word' id='word_1_176' title='bbox 770 3497 842 3544; x_wconf 89' lang='lat' dir='ltr'><strong>oum</strong></span> <span class='ocrx_word' id='word_1_177' title='bbox 866 3478 982 3562; x_wconf 85' lang='lat' dir='ltr'><strong>quibus</strong></span> <span class='ocrx_word' id='word_1_178' title='bbox 1006 3478 1177 3543; x_wconf 86' lang='lat' dir='ltr'><strong>Dominum</strong></span> <span class='ocrx_word' id='word_1_179' title='bbox 1200 3477 1363 3545; x_wconf 78' lang='lat' dir='ltr'><strong>Christum</strong></span> <span class='ocrx_word' id='word_1_180' title='bbox 1379 3501 1403 3541; x_wconf 82' lang='grc' dir='ltr'>ιι</span> 
     </span>
     <span class='ocr_line' id='line_1_22' title="bbox 231 3583 1363 3668; baseline 0.003 -21"><span class='ocrx_word' id='word_1_181' title='bbox 231 3583 436 3649; x_wconf 86' lang='lat' dir='ltr'><strong>resurrexisse</strong></span> <span class='ocrx_word' id='word_1_182' title='bbox 467 3585 694 3667; x_wconf 85' lang='lat' dir='ltr'><strong>praedicemus,</strong></span> <span class='ocrx_word' id='word_1_183' title='bbox 730 3604 763 3650; x_wconf 88' lang='lat' dir='ltr'><strong>se</strong></span> <span class='ocrx_word' id='word_1_184' title='bbox 799 3585 1015 3651; x_wconf 82' lang='lat' dir='ltr'><strong>confutaturos</strong></span> <span class='ocrx_word' id='word_1_185' title='bbox 1046 3602 1117 3650; x_wconf 89' lang='lat' dir='ltr'><strong>esse</strong></span> <span class='ocrx_word' id='word_1_186' title='bbox 1147 3588 1363 3668; x_wconf 81' lang='lat' dir='ltr'><strong>praesumunt</strong></span> 
     </span>
     <span class='ocr_line' id='line_1_23' title="bbox 232 3687 1363 3774; baseline 0 -20"><span class='ocrx_word' id='word_1_187' title='bbox 232 3687 294 3754; x_wconf 85' lang='lat' dir='ltr'><strong>Sed</strong></span> <span class='ocrx_word' id='word_1_188' title='bbox 320 3691 401 3755; x_wconf 89' lang='lat' dir='ltr'><strong>inter</strong></span> <span class='ocrx_word' id='word_1_189' title='bbox 426 3690 504 3757; x_wconf 84' lang='lat' dir='ltr'><strong>baec</strong></span> <span class='ocrx_word' id='word_1_190' title='bbox 526 3690 631 3756; x_wconf 86' lang='lat' dir='ltr'><strong>omnia</strong></span> <span class='ocrx_word' id='word_1_191' title='bbox 653 3691 795 3774; x_wconf 85' lang='lat' dir='ltr'><strong>quaestio</strong></span> <span class='ocrx_word' id='word_1_192' title='bbox 819 3690 1008 3756; x_wconf 84' lang='lat' dir='ltr'><strong>difficillima</strong></span> <span class='ocrx_word' id='word_1_193' title='bbox 1032 3690 1089 3757; x_wconf 90' lang='lat' dir='ltr'><strong>illa</strong></span> <span class='ocrx_word' id='word_1_194' title='bbox 1110 3690 1305 3774; x_wconf 81' lang='lat' dir='ltr'><strong>proponitur,</strong></span> <span class='ocrx_word' id='word_1_195' title='bbox 1332 3689 1363 3754; x_wconf 94' lang='lat' dir='ltr'><strong>in</strong></span> 
     </span>
     <span class='ocr_line' id='line_1_24' title="bbox 232 3795 1364 3880; baseline 0.003 -20"><span class='ocrx_word' id='word_1_196' title='bbox 232 3795 322 3860; x_wconf 91' lang='lat' dir='ltr'><strong>cuius</strong></span> <span class='ocrx_word' id='word_1_197' title='bbox 346 3813 468 3862; x_wconf 85' lang='lat' dir='ltr'><strong>earnem</strong></span> <span class='ocrx_word' id='word_1_198' title='bbox 491 3795 630 3862; x_wconf 89' lang='lat' dir='ltr'><strong>reditura</strong></span> <span class='ocrx_word' id='word_1_199' title='bbox 652 3797 696 3862; x_wconf 91' lang='lat' dir='ltr'><strong>sit</strong></span> <span class='ocrx_word' id='word_1_200' title='bbox 718 3814 798 3874; x_wconf 82' lang='lat' dir='ltr'><strong>earo,</strong></span> <span class='ocrx_word' id='word_1_201' title='bbox 827 3814 889 3879; x_wconf 84' lang='lat' dir='ltr'><strong>qus</strong></span> <span class='ocrx_word' id='word_1_202' title='bbox 912 3815 1026 3880; x_wconf 86' lang='lat' dir='ltr'><strong>corpus</strong></span> <span class='ocrx_word' id='word_1_203' title='bbox 1049 3797 1180 3862; x_wconf 76' lang='lat' dir='ltr'><strong>alterim</strong></span> <span class='ocrx_word' id='word_1_204' title='bbox 1203 3797 1364 3863; x_wconf 86' lang='lat' dir='ltr'><strong>noscentis</strong></span> 
     </span>
     <span class='ocr_line' id='line_1_25' title="bbox 232 3901 1364 3987; baseline 0.002 -21"><span class='ocrx_word' id='word_1_205' title='bbox 232 3901 369 3967; x_wconf 85' lang='lat' dir='ltr'><strong>humane</strong></span> <span class='ocrx_word' id='word_1_206' title='bbox 394 3903 516 3968; x_wconf 88' lang='lat' dir='ltr'><strong>uiscera</strong></span> <span class='ocrx_word' id='word_1_207' title='bbox 542 3903 625 3968; x_wconf 84' lang='lat' dir='ltr'><strong>fame</strong></span> <span class='ocrx_word' id='word_1_208' title='bbox 647 3902 843 3985; x_wconf 87' lang='lat' dir='ltr'><strong>conpellente</strong></span> <span class='ocrx_word' id='word_1_209' title='bbox 866 3902 1014 3969; x_wconf 89' lang='lat' dir='ltr'><strong>nutritur.</strong></span> <span class='ocrx_word' id='word_1_210' title='bbox 1040 3902 1076 3967; x_wconf 94' lang='lat' dir='ltr'><strong>In</strong></span> <span class='ocrx_word' id='word_1_211' title='bbox 1100 3921 1223 3968; x_wconf 84' lang='lat' dir='ltr'><strong>carnem</strong></span> <span class='ocrx_word' id='word_1_212' title='bbox 1246 3903 1364 3987; x_wconf 85' lang='lat' dir='ltr'><strong>quippe</strong></span> 
     </span>
     <span class='ocr_line' id='line_1_26' title="bbox 232 4008 1407 4092; baseline -0.001 -20"><span class='ocrx_word' id='word_1_213' title='bbox 232 4026 383 4075; x_wconf 86' lang='lat' dir='ltr'><strong>conuersa</strong></span> <span class='ocrx_word' id='word_1_214' title='bbox 414 4014 463 4074; x_wconf 93' lang='lat' dir='ltr'><strong>est</strong></span> <span class='ocrx_word' id='word_1_215' title='bbox 493 4009 572 4087; x_wconf 87' lang='lat' dir='ltr'><strong>eius,</strong></span> <span class='ocrx_word' id='word_1_216' title='bbox 605 4008 659 4092; x_wconf 86' lang='lat' dir='ltr'><strong>qui</strong></span> <span class='ocrx_word' id='word_1_217' title='bbox 689 4008 807 4075; x_wconf 86' lang='lat' dir='ltr'><strong>talibus</strong></span> <span class='ocrx_word' id='word_1_218' title='bbox 840 4009 919 4074; x_wconf 85' lang='lat' dir='ltr'><strong>uixit</strong></span> <span class='ocrx_word' id='word_1_219' title='bbox 945 4009 1114 4086; x_wconf 86' lang='lat' dir='ltr'><strong>alimentis,</strong></span> <span class='ocrx_word' id='word_1_220' title='bbox 1146 4012 1179 4074; x_wconf 93' lang='lat' dir='ltr'><strong>et</strong></span> <span class='ocrx_word' id='word_1_221' title='bbox 1205 4027 1252 4086; x_wconf 86' lang='lat' dir='ltr'><strong>es,</strong></span> <span class='ocrx_word' id='word_1_222' title='bbox 1284 4028 1365 4092; x_wconf 85' lang='lat' dir='ltr'><strong>quae</strong></span> <span class='ocrx_word' id='word_1_223' title='bbox 1380 4029 1407 4071; x_wconf 78' lang='lat' dir='ltr'><strong>ss</strong></span> 
     </span>
    </p>
   </div>
   <div class='ocr_carea' id='block_1_3' title="bbox 232 4114 1365 4410">
    <p class='ocr_par' dir='ltr' id='par_1_4' title="bbox 232 4114 1365 4410">
     <span class='ocr_line' id='line_1_27' title="bbox 232 4114 1364 4200; baseline 0.002 -23"><span class='ocrx_word' id='word_1_224' title='bbox 232 4114 349 4180; x_wconf 82' lang='lat' dir='ltr'><strong>macies</strong></span> <span class='ocrx_word' id='word_1_225' title='bbox 385 4116 574 4192; x_wconf 81' lang='lat' dir='ltr'><strong>ostenderat,</strong></span> <span class='ocrx_word' id='word_1_226' title='bbox 614 4115 801 4182; x_wconf 88' lang='lat' dir='ltr'><strong>detrimenta</strong></span> <span class='ocrx_word' id='word_1_227' title='bbox 842 4115 1012 4199; x_wconf 87' lang='lat' dir='ltr'><strong>subpleuit</strong></span> <span class='ocrx_word' id='word_1_228' title='bbox 1052 4114 1166 4182; x_wconf 86' lang='lat' dir='ltr'><strong>Utrum</strong></span> <span class='ocrx_word' id='word_1_229' title='bbox 1203 4133 1278 4200; x_wconf 81' lang='lat' dir='ltr'><strong>orgo</strong></span> <span class='ocrx_word' id='word_1_230' title='bbox 1314 4116 1364 4181; x_wconf 90' lang='lat' dir='ltr'><strong>illi</strong></span> 
     </span>
     <span class='ocr_line' id='line_1_28' title="bbox 233 4219 1365 4305; baseline 0.003 -22"><span class='ocrx_word' id='word_1_231' title='bbox 233 4219 341 4285; x_wconf 89' lang='lat' dir='ltr'><strong>redeat</strong></span> <span class='ocrx_word' id='word_1_232' title='bbox 370 4221 488 4287; x_wconf 91' lang='lat' dir='ltr'><strong>bomini</strong></span> <span class='ocrx_word' id='word_1_233' title='bbox 525 4222 615 4287; x_wconf 89' lang='lat' dir='ltr'><strong>cuius</strong></span> <span class='ocrx_word' id='word_1_234' title='bbox 647 4239 717 4287; x_wconf 88' lang='lat' dir='ltr'><strong>oaro</strong></span> <span class='ocrx_word' id='word_1_235' title='bbox 754 4222 842 4305; x_wconf 88' lang='lat' dir='ltr'><strong>prius</strong></span> <span class='ocrx_word' id='word_1_236' title='bbox 873 4220 946 4299; x_wconf 84' lang='lat' dir='ltr'><strong>fuit,</strong></span> <span class='ocrx_word' id='word_1_237' title='bbox 978 4241 1017 4287; x_wconf 86' lang='lat' dir='ltr'><strong>an</strong></span> <span class='ocrx_word' id='word_1_238' title='bbox 1052 4221 1100 4286; x_wconf 90' lang='lat' dir='ltr'><strong>illi</strong></span> <span class='ocrx_word' id='word_1_239' title='bbox 1131 4222 1239 4304; x_wconf 90' lang='lat' dir='ltr'><strong>potius</strong></span> <span class='ocrx_word' id='word_1_240' title='bbox 1272 4222 1365 4288; x_wconf 91' lang='lat' dir='ltr'><strong>cuius</strong></span> 
     </span>
     <span class='ocr_line' id='line_1_29' title="bbox 233 4326 1365 4410; baseline 0.003 -20"><span class='ocrx_word' id='word_1_241' title='bbox 233 4330 344 4408; x_wconf 86' lang='lat' dir='ltr'><strong>postea</strong></span> <span class='ocrx_word' id='word_1_242' title='bbox 364 4326 448 4393; x_wconf 84' lang='lat' dir='ltr'><strong>fecto</strong></span> <span class='ocrx_word' id='word_1_243' title='bbox 470 4331 529 4407; x_wconf 81' lang='lat' dir='ltr'><strong>est,</strong></span> <span class='ocrx_word' id='word_1_244' title='bbox 552 4327 592 4393; x_wconf 85' lang='lat' dir='ltr'><strong>ed</strong></span> <span class='ocrx_word' id='word_1_245' title='bbox 613 4327 672 4393; x_wconf 90' lang='lat' dir='ltr'><strong>boo</strong></span> <span class='ocrx_word' id='word_1_246' title='bbox 695 4331 925 4410; x_wconf 78' lang='lat' dir='ltr'><strong>percontantur,</strong></span> <span class='ocrx_word' id='word_1_247' title='bbox 948 4331 986 4393; x_wconf 93' lang='lat' dir='ltr'><strong>ut</strong></span> <span class='ocrx_word' id='word_1_248' title='bbox 1007 4327 1101 4393; x_wconf 85' lang='lat' dir='ltr'><strong>iidem</strong></span> <span class='ocrx_word' id='word_1_249' title='bbox 1124 4327 1365 4394; x_wconf 84' lang='lat' dir='ltr'><strong>resurrectionis</strong></span> 
     </span>
    </p>
   </div>
   <div class='ocr_carea' id='block_1_4' title="bbox 232 4585 1366 4744">
    <p class='ocr_par' dir='ltr' id='par_1_5' title="bbox 232 4585 1366 4744">
     <span class='ocr_line' id='line_1_30' title="bbox 271 4585 1366 4657; baseline 0.001 -16"><span class='ocrx_word' id='word_1_250' title='bbox 271 4588 391 4656; x_wconf 75' lang='lat' dir='ltr'><strong>insagis</strong></span> <span class='ocrx_word' id='word_1_251' title='bbox 404 4605 426 4657; x_wconf 82' lang='lat' dir='ltr'><strong>p</strong></span> <span class='ocrx_word' id='word_1_252' title='bbox 527 4587 554 4640; x_wconf 94' lang='lat' dir='ltr'><strong>in</strong></span> <span class='ocrx_word' id='word_1_253' title='bbox 572 4586 645 4640; x_wconf 88' lang='lat' dir='ltr'><strong>illa&#39;</strong></span> <span class='ocrx_word' id='word_1_254' title='bbox 637 4603 690 4640; x_wconf 85' lang='lat' dir='ltr'><strong>rum</strong></span> <span class='ocrx_word' id='word_1_255' title='bbox 709 4585 902 4640; x_wconf 75' lang='lat' dir='ltr'><strong>inmortalitate</strong></span> <span class='ocrx_word' id='word_1_256' title='bbox 921 4602 997 4655; x_wconf 78' lang='lat' dir='ltr'><strong>epv;</strong></span> <span class='ocrx_word' id='word_1_257' title='bbox 1014 4586 1042 4639; x_wconf 93' lang='lat' dir='ltr'><strong>in</strong></span> <span class='ocrx_word' id='word_1_258' title='bbox 1060 4586 1109 4640; x_wconf 82' lang='lat' dir='ltr'><strong>illa</strong></span> <span class='ocrx_word' id='word_1_259' title='bbox 1126 4585 1155 4640; x_wconf 96' lang='lat' dir='ltr'><strong>ld</strong></span> <span class='ocrx_word' id='word_1_260' title='bbox 1173 4593 1187 4640; x_wconf 80' lang='lat' dir='ltr'><strong>d</strong></span> <span class='ocrx_word' id='word_1_261' title='bbox 1207 4587 1314 4642; x_wconf 90' lang='lat' dir='ltr'><strong>inmort.</strong></span> <span class='ocrx_word' id='word_1_262' title='bbox 1335 4587 1366 4653; x_wconf 83' lang='lat' dir='ltr'><strong>b,-</strong></span> 
     </span>
     <span class='ocr_line' id='line_1_31' title="bbox 232 4674 1363 4744; baseline -0.002 -13"><span class='ocrx_word' id='word_1_263' title='bbox 232 4677 262 4732; x_wconf 87' lang='lat' dir='ltr'><strong>in</strong></span> <span class='ocrx_word' id='word_1_264' title='bbox 280 4676 352 4731; x_wconf 79' lang='lat' dir='ltr'><strong>illa</strong></span> <span class='ocrx_word' id='word_1_265' title='bbox 345 4675 538 4730; x_wconf 77' lang='lat' dir='ltr'><strong>inmortalitate</strong></span> <span class='ocrx_word' id='word_1_266' title='bbox 557 4674 761 4743; x_wconf 84' lang='lat' dir='ltr'><strong>opuDomb.,·</strong></span> <span class='ocrx_word' id='word_1_267' title='bbox 778 4675 805 4727; x_wconf 94' lang='lat' dir='ltr'><strong>in</strong></span> <span class='ocrx_word' id='word_1_268' title='bbox 825 4674 873 4728; x_wconf 85' lang='lat' dir='ltr'><strong>ills</strong></span> <span class='ocrx_word' id='word_1_269' title='bbox 890 4679 969 4728; x_wconf 90' lang='lat' dir='ltr'><strong>mort.</strong></span> <span class='ocrx_word' id='word_1_270' title='bbox 988 4693 1002 4744; x_wconf 87' lang='lat' dir='ltr'><strong>p</strong></span> <span class='ocrx_word' id='word_1_271' title='bbox 1098 4674 1274 4740; x_wconf 76' lang='lat' dir='ltr'><strong>bQuomodo</strong></span> <span class='ocrx_word' id='word_1_272' title='bbox 1285 4716 1363 4732; x_wconf 90' lang='grc'><strong>.....</strong></span> 
     </span>
    </p>
   </div>
   <div class='ocr_carea' id='block_1_5' title="bbox 234 4789 1365 5216">
    <p class='ocr_par' dir='ltr' id='par_1_6' title="bbox 234 4789 1365 5216">
     <span class='ocr_line' id='line_1_32' title="bbox 234 4789 1363 4863; baseline -0.001 -17"><span class='ocrx_word' id='word_1_273' title='bbox 234 4791 334 4863; x_wconf 88' lang='lat' dir='ltr'><strong>peribit</strong></span> <span class='ocrx_word' id='word_1_274' title='bbox 351 4790 437 4845; x_wconf 81' lang='lat' dir='ltr'><strong>omb</strong></span> <span class='ocrx_word' id='word_1_275' title='bbox 507 4790 591 4860; x_wconf 75' lang='lat' dir='ltr'><strong>igitur</strong></span> <span class='ocrx_word' id='word_1_276' title='bbox 607 4806 683 4856; x_wconf 82' lang='lat' dir='ltr'><strong>erse,·</strong></span> <span class='ocrx_word' id='word_1_277' title='bbox 702 4806 800 4860; x_wconf 79' lang='lat' dir='ltr'><strong>ergon</strong></span> <span class='ocrx_word' id='word_1_278' title='bbox 871 4790 1017 4860; x_wconf 82' lang='lat' dir='ltr'><strong>ospillps—</strong></span> <span class='ocrx_word' id='word_1_279' title='bbox 1019 4789 1151 4860; x_wconf 85' lang='lat' dir='ltr'><strong>peribite</strong></span> <span class='ocrx_word' id='word_1_280' title='bbox 1230 4791 1295 4845; x_wconf 84' lang='lat' dir='ltr'><strong>8et</strong></span> <span class='ocrx_word' id='word_1_281' title='bbox 1313 4791 1363 4845; x_wconf 86' lang='lat' dir='ltr'><strong>ali·</strong></span> 
     </span>
     <span class='ocr_line' id='line_1_33' title="bbox 235 4879 1365 4949; baseline 0.002 -15"><span class='ocrx_word' id='word_1_282' title='bbox 235 4880 313 4934; x_wconf 88' lang='lat' dir='ltr'><strong>cubi.</strong></span> <span class='ocrx_word' id='word_1_283' title='bbox 325 4881 395 4936; x_wconf 82' lang='lat' dir='ltr'><strong>i.uit</strong></span> <span class='ocrx_word' id='word_1_284' title='bbox 413 4896 466 4934; x_wconf 85' lang='lat' dir='ltr'><strong>om</strong></span> <span class='ocrx_word' id='word_1_285' title='bbox 483 4879 536 4949; x_wconf 72' lang='lat' dir='ltr'><strong>b¹p</strong></span> <span class='ocrx_word' id='word_1_286' title='bbox 587 4880 713 4933; x_wconf 70' lang='lat' dir='ltr'><strong>tentem</strong></span> <span class='ocrx_word' id='word_1_287' title='bbox 728 4896 747 4931; x_wconf 84' lang='lat' dir='ltr'><strong>a</strong></span> <span class='ocrx_word' id='word_1_288' title='bbox 797 4881 828 4933; x_wconf 88' lang='lat'><strong>11</strong></span> <span class='ocrx_word' id='word_1_289' title='bbox 849 4879 1020 4947; x_wconf 80' lang='lat' dir='ltr'><strong>exaleturep</strong></span> <span class='ocrx_word' id='word_1_290' title='bbox 1072 4879 1247 4932; x_wconf 83' lang='lat' dir='ltr'><strong>sint-eint&#39;</strong></span> <span class='ocrx_word' id='word_1_291' title='bbox 1234 4896 1266 4933; x_wconf 80' lang='grc' dir='ltr'><strong>ιιι</strong></span> <span class='ocrx_word' id='word_1_292' title='bbox 1279 4897 1365 4936; x_wconf 76' lang='lat' dir='ltr'><strong>roeo</strong></span> 
     </span>
     <span class='ocr_line' id='line_1_34' title="bbox 235 4967 1364 5039; baseline 0 -16"><span class='ocrx_word' id='word_1_293' title='bbox 235 4969 353 5023; x_wconf 80' lang='lat' dir='ltr'><strong>absumit</strong></span> <span class='ocrx_word' id='word_1_294' title='bbox 370 4986 384 5022; x_wconf 85' lang='lat' dir='ltr'><strong>e</strong></span> <span class='ocrx_word' id='word_1_295' title='bbox 389 4986 461 5039; x_wconf 85' lang='lat' dir='ltr'><strong>pp</strong></span> <span class='ocrx_word' id='word_1_296' title='bbox 443 4968 589 5034; x_wconf 69' lang='lat' dir='ltr'><strong>anemo,-</strong></span> <span class='ocrx_word' id='word_1_297' title='bbox 607 4967 758 5039; x_wconf 87' lang='lat' dir='ltr'><strong>absumpsit</strong></span> <span class='ocrx_word' id='word_1_298' title='bbox 775 4969 858 5037; x_wconf 78' lang='lat' dir='ltr'><strong>obp,·</strong></span> <span class='ocrx_word' id='word_1_299' title='bbox 876 4968 1032 5022; x_wconf 82' lang='lat' dir='ltr'><strong>absumato</strong></span> <span class='ocrx_word' id='word_1_300' title='bbox 1107 4985 1166 5022; x_wconf 87' lang='lat' dir='ltr'><strong>oum</strong></span> <span class='ocrx_word' id='word_1_301' title='bbox 1185 4969 1326 5039; x_wconf 79' lang='lat' dir='ltr'><strong>naufragio</strong></span> <span class='ocrx_word' id='word_1_302' title='bbox 1346 4987 1364 5023; x_wconf 87' lang='lat' dir='ltr'><strong>o</strong></span> 
     </span>
     <span class='ocr_line' id='line_1_35' title="bbox 235 5056 1364 5128; baseline 0.002 -17"><span class='ocrx_word' id='word_1_303' title='bbox 235 5057 320 5112; x_wconf 84' lang='lat' dir='ltr'><strong>nauir.</strong></span> <span class='ocrx_word' id='word_1_304' title='bbox 346 5073 430 5128; x_wconf 75' lang='lat' dir='ltr'><strong>usquc</strong></span> <span class='ocrx_word' id='word_1_305' title='bbox 456 5057 495 5111; x_wconf 81' lang='lat' dir='ltr'><strong>od</strong></span> <span class='ocrx_word' id='word_1_306' title='bbox 517 5061 627 5126; x_wconf 81' lang='lat' dir='ltr'><strong>pereant</strong></span> <span class='ocrx_word' id='word_1_307' title='bbox 649 5073 699 5111; x_wconf 78' lang='lat' dir='ltr'><strong>om.</strong></span> <span class='ocrx_word' id='word_1_308' title='bbox 723 5057 748 5110; x_wconf 75' lang='lat'><strong>0¹</strong></span> <span class='ocrx_word' id='word_1_309' title='bbox 874 5058 905 5110; x_wconf 83' lang='lat' dir='ltr'><strong>lo</strong></span> <span class='ocrx_word' id='word_1_310' title='bbox 933 5056 1056 5111; x_wconf 80' lang='lat' dir='ltr'><strong>accidant</strong></span> <span class='ocrx_word' id='word_1_311' title='bbox 1078 5058 1260 5126; x_wconf 74' lang='lat' dir='ltr'><strong>abe¹p¹pu3</strong></span> <span class='ocrx_word' id='word_1_312' title='bbox 1289 5076 1364 5113; x_wconf 86' lang='lat' dir='ltr'><strong>acce·</strong></span> 
     </span>
     <span class='ocr_line' id='line_1_36' title="bbox 236 5144 428 5216; baseline 0 -16"><span class='ocrx_word' id='word_1_313' title='bbox 236 5146 303 5201; x_wconf 81' lang='lat' dir='ltr'><strong>dunt</strong></span> <span class='ocrx_word' id='word_1_314' title='bbox 319 5144 428 5216; x_wconf 76' lang='lat' dir='ltr'><strong>e&#39;p&#39;po</strong></span> 
     </span>
    </p>
   </div>
   <div class='ocr_carea' id='block_1_6' title="bbox 0 0 1631 6325">
    <p class='ocr_par' dir='ltr' id='par_1_7' title="bbox 0 0 1631 6325">
     <span class='ocr_line' id='line_1_37' title="bbox 0 0 1631 6325; baseline 0 0"><span class='ocrx_word' id='word_1_315' title='bbox 0 0 1631 6325; x_wconf 95' lang='lat' dir='ltr'><strong> </strong></span> 
     </span>
    </p>
   </div>
  </div>
 </body>
</html>
