3217 6325
227 1256 291 1320 604
580 1250 606 1304 S.
633 1248 787 1309 Aurelii
814 1244 1025 1315 Augustini

269 1444 516 1527 Hipponiensem
539 1441 692 1526 quandum
716 1441 870 1524 uirginem
893 1439 969 1515 scio,
992 1456 1063 1502 curu
1091 1454 1125 1500 se
1148 1434 1218 1499 oleo
1240 1452 1351 1516 perun·

226 1552 333 1626 risset,
357 1549 408 1613 cui
430 1568 485 1631 pro
509 1549 564 1614 illa
586 1567 676 1613 orans
694 1547 857 1629 presbyter
874 1540 1245 1610 instillaueratlaorimns
1265 1557 1349 1614 suaa,

227 1673 296 1718 mor
319 1673 338 1718 a
360 1654 519 1719 daemonio
541 1655 640 1720 luisse
664 1657 812 1719 sanatam.
835 1652 906 1717 Soio
930 1651 1024 1714 etiam
1047 1648 1229 1731 episcopum
1253 1645 1349 1709 semel

226 1777 280 1840 pro
308 1758 518 1838 adulescente,
550 1780 643 1844 quem
669 1778 730 1825 non
757 1758 849 1835 uidit,
877 1775 983 1821 orasse
1005 1755 1157 1836 illumque
1183 1753 1259 1817 ilico
1282 1749 1351 1815 dae·

226 1881 316 1927 moue
338 1866 486 1932 caruisse.
1379 1878 1391 1913 ⁵

268 1969 344 2033 ilrat
374 1970 500 2052 qnidam
528 1990 618 2036 senex
646 1970 825 2035 Florentius
852 1969 1076 2051 Hipponiensis
1109 1970 1224 2042 uester,
1256 1962 1349 2028 bomo

224 2073 392 2155 religiosus
421 2077 452 2139 et
474 2094 605 2159 pauper3
635 2075 762 2140 samona
785 2094 820 2140 se
843 2078 908 2138 erte
931 2072 1092 2156 pascebat3
1121 2070 1262 2134 casulam
1284 2088 1351 2151 per·

226 2176 347 2243 diderat
369 2181 402 2243 et
423 2179 505 2244 uude
529 2181 589 2246 sibi
613 2184 730 2247 emeret
747 2199 807 2246 uon
827 2180 977 2255 babebat;
998 2180 1037 2244 ad
1055 2179 1169 2262 uiginti
1187 2178 1350 2257 martyres,

224 2300 356 2361 qnorum
392 2286 541 2351 memoria
576 2290 626 2351 ost
656 2289 733 2368 aput
763 2304 820 2351 nos
852 2284 1063 2362 celeberrima,
1096 2284 1178 2347 clara
1206 2300 1287 2347 uoce
1316 2285 1352 2344 ut

224 2387 394 2454 uestiretur
419 2391 531 2458 orauit.
558 2391 734 2457 Audieruut
760 2411 833 2457 euru
860 2392 1076 2457 adulescentes
1099 2390 1154 2472 qui
1175 2390 1257 2453 forte
1281 2388 1350 2452 ade·
1367 2404 1393 2446 n

222 2493 293 2555 rant
309 2493 456 2560 inrisores
476 2516 610 2580 eumque
629 2498 840 2563 discedentem
859 2498 1053 2581 exagitantes
1071 2495 1349 2577 prosequebantur,

224 2597 315 2677 quasi
345 2618 365 2664 a
390 2603 580 2686 martyribus
611 2604 847 2687 quinquagenos
878 2603 982 2683 folles,
1014 2602 1096 2667 uude
1123 2601 1350 2666 uestimentum

224 2708 349 2780 emeret,
372 2708 548 2789 petiuisset
572 2710 615 2774 At
634 2709 689 2773 ille
710 2709 826 2774 tacitus
850 2708 1012 2774 ambulans
1040 2708 1175 2773 eiectum
1201 2705 1351 2791 grandem

224 2806 341 2888 piscem
374 2813 577 2897 palpitantem
607 2813 689 2879 uidit
717 2814 748 2878 iu
784 2813 876 2879 litore
908 2833 1042 2896 eumque
1073 2814 1138 2877 illis
1168 2810 1350 2877 fauentibus

223 2912 323 2995 adque
360 2918 583 2986 adiuuantibus
619 2919 823 3003 adprehendit
858 2923 891 2985 et
925 2920 1049 2986 cuidam
1086 2938 1197 3002 coquo,
1235 2918 1350 2984 (lutoso
1367 2934 1392 2975 n

223 3021 357 3100 nomine,
385 3025 462 3094 bene
490 3026 675 3103 Christiano,
703 3025 935 3108 manuninum
962 3024 1177 3104 conditariam,
1209 3023 1350 3088 iudicans

226 3125 302 3205 inid
329 3135 454 3214 gestum
477 3134 529 3214 sit.
555 3134 704 3200 trecentis
725 3132 856 3200 follibus
880 3132 1032 3210 uendidit,
1058 3133 1161 3203 lanam
1183 3149 1351 3213 conparare

226 3230 298 3298 inde
321 3236 498 3320 disponens,
525 3246 563 3306 ut
583 3260 659 3306 uror
680 3240 748 3305 eius
771 3258 832 3322 qno
855 3239 948 3306 modo
971 3242 1079 3323 posset
1106 3240 1134 3303 ei
1156 3257 1220 3321 quo
1243 3238 1351 3303 indue

223 3340 310 3404 retur
331 3343 478 3410 efficeret.
506 3343 567 3411 Sed
590 3364 710 3428 coquus
737 3345 903 3410 concidens
925 3346 1046 3430 piscem
1068 3345 1197 3409 anulum
1221 3363 1350 3409 aureum

223 3442 255 3506 iu
283 3450 457 3516 uentriculo
485 3452 554 3516 eius
582 3452 702 3516 inuenit
728 3470 860 3533 moxque
882 3451 1081 3516 miseratione
1103 3451 1203 3515 flexus
1226 3456 1260 3516 et
1281 3449 1349 3515 reli·
1365 3464 1393 3508 ro

224 3549 315 3632 ginno
338 3557 519 3638 perterritus
540 3555 659 3622 bomini
681 3575 752 3622 eum
770 3555 908 3621 reddidit
924 3555 1044 3621 diceus:
1069 3557 1158 3621 ¹llcce
1176 3576 1239 3638 qno
1255 3556 1350 3621 modo

224 3657 256 3719 te
278 3658 392 3743 uiginti
414 3665 565 3746 martyres
584 3663 770 3730 acescunt

267 3764 317 3828 Ad
338 3785 435 3850 squas
459 3767 644 3834 'tibilitanas
667 3768 813 3852 episcopo
840 3768 998 3834 adferente
1019 3767 1180 3834 Praeieeto
1204 3768 1351 3852 martyris

224 3868 444 3949 gloriosissimi
467 3873 618 3956 Stephani
640 3874 789 3938 memoria
811 3874 958 3939 ueniebat
978 3892 1110 3959 magnas
1133 3872 1350 3940 multitudinis

224 3990 376 4042 concursu
390 3981 433 4043 -et
454 3998 596 4044 occursu.
618 3980 667 4044 lbi
689 3998 782 4045 caeca
803 3979 926 4057 mulier,
952 3986 991 4046 ut
1012 3980 1051 4046 ad
1074 3980 1259 4062 episcopum
1281 4000 1349 4064 por.-
1366 4001 1393 4043 rs

223 4070 341 4148 tantem
365 4084 539 4163 duceretur,
566 4086 681 4162 orauit3
708 4086 809 4163 flores,
838 4105 917 4169 quos
939 4087 1068 4164 ferebat,
1096 4087 1192 4166 dedit.
1219 4089 1349 4171 recepit,

152 4303 156 4313 ν
261 4236 452 4293 lsdemouio
471 4243 589 4295 curatam
608 4240 781 4313 uirginemp
801 4243 833 4295 in
850 4259 934 4313 marp.
1040 4242 1239 4314 Hipponensem
1262 4249 1288 4298 et
1309 4261 1349 4299 mc

223 4338 352 4392 campas
399 4327 632 4384 dsdulssceutem
651 4346 668 4383 a
685 4329 808 4385 demonio
827 4336 952 4385 sanatum
1000 4333 1018 4386 6
1036 4329 1070 4385 de
1087 4330 1212 4385 florentio
1230 4347 1349 4401 paupere

225 4411 340 4478 qualiter
357 4416 490 4486 triginti
509 4418 669 4487 martyribus
687 4419 802 4474 uestitus
820 4420 858 4474 sit
875 4437 960 4489 scorp.
970 4436 989 4489 p
1038 4421 1053 4472 7
1072 4435 1101 4473 se
1118 4436 1202 4487 usquc
1220 4420 1259 4473 ad
1278 4419 1348 4474 uude

224 4540 309 4596 oms
361 4529 467 4603 9apud
485 4549 535 4587 uos
553 4537 628 4588 estu
692 4535 859 4605 10111119
914 4536 945 4589 15
964 4500 1071 4621 quoqpe
1088 4551 1118 4604 p;
1137 4551 1232 4589 11111
1304 4551 1348 4588 ca-

225 4615 284 4667 toso
304 4632 434 4689 aeppm·
453 4624 556 4675 astotso
576 4622 605 4686 b,·
623 4619 734 4677 Cattoso
753 4622 849 4676 Domb.
918 4625 950 4678 16
970 4624 1128 4693 quoquinam
1148 4624 1163 4676 b
1219 4624 1249 4675 17
1269 4623 1347 4675 uolli·

225 4699 308 4758 base
370 4709 402 4761 19
420 4725 531 4780 cocusp
593 4711 628 4764 22
647 4711 700 4779 nig.
719 4715 850 4781 martyres
868 4715 929 4766 teo
999 4713 1166 4766 uestiuerunt
1181 4728 1199 4780 p
1260 4712 1296 4764 23
1314 4712 1348 4763 de

227 4831 290 4871 ceca
306 4821 416 4877 muliere
435 4840 450 4877 a
469 4825 589 4894 reliquiis
604 4829 748 4896 martyrum
769 4827 927 4881 inluminata
943 4844 1057 4898 morpp
1110 4793 1314 4895 aqatabilitanas
1329 4846 1348 4878 o

226 4903 351 4966 efferente
370 4929 384 4982 ρ
437 4912 561 4982 martyris
580 4931 622 4966 ae
628 4930 646 4982 y
651 4931 672 4982 p
683 4933 696 4984 ρ
707 4932 724 4964 α
741 4914 852 4981 Domb.,·
870 4915 995 4984 reliquias
1012 4915 1135 4983 martyris
1153 4915 1193 4968 bo
1237 4917 1272 4969 24
1288 4933 1346 4973 rne-

226 4993 311 5052 moris
327 5012 391 5067 epp
403 5019 419 5050 u
437 4999 550 5067 Dorrrt.;
565 4996 719 5064 memoriam
735 5022 766 5074 p,·
784 5003 818 5056 ad
837 5005 894 5060 eius
911 5005 1063 5057 memoriam
1083 5005 1150 5056 abo
1230 5005 1263 5057 25
1283 5022 1346 5057 con·

228 5123 319 5163 cursus
338 5116 366 5165 et
383 5129 507 5169 occursus
527 5115 595 5168 nbc
649 5117 682 5172 26
700 5115 846 5186 florebatp
916 5074 1059 5186 addgditp
