3217 6325
283 1311 348 1376 462
621 1307 649 1362 8.
677 1307 832 1363 Aurelii
857 1309 1071 1377 Augustini

284 1501 383 1567 uitam
411 1518 499 1565 suam
527 1499 659 1583 quisque
686 1499 725 1564 ab
748 1499 858 1584 angelo
882 1499 944 1565 sibi
970 1498 1110 1564 adhibito
1134 1499 1242 1565 audiet
1262 1502 1412 1567 recitari?

285 1606 354 1672 Non
385 1625 460 1690 ergo
491 1623 572 1671 uuus
599 1605 679 1670 liber
708 1605 769 1670 erit
794 1604 944 1682 omnium,
976 1604 1033 1671 sed
1057 1604 1174 1688 singuli
1204 1606 1412 1692 singulorum.

287 1710 447 1796 Scriptura
466 1729 541 1778 uero
562 1710 626 1775 ista
647 1730 744 1776 unum
767 1710 877 1776 uolens
899 1710 1057 1795 intellegi:
1084 1710 1132 1776 lit
1158 1711 1275 1790 aliua,
1297 1713 1411 1797 inquit,

284 1817 393 1883 liber
420 1820 581 1902 apertus
611 1820 683 1885 est.
721 1814 881 1896 Quaedam
908 1817 1010 1901 igitur
1039 1817 1090 1882 uie
1121 1822 1171 1883 eet
1201 1818 1413 1902 intellegenda

287 1924 403 2003 diuina,
433 1943 497 2008 qua
526 1921 590 2000 fiet,
622 1925 659 1988 ut
689 1924 802 2005 suique
834 1914 926 2006 opera
951 1941 1019 2002 sua,
1050 1923 1103 1989 uel
1128 1923 1210 1989 bona
1234 1924 1287 1989 uel
1317 1924 1411 2002 mala,
1441 1946 1455 1985 s

287 2033 401 2095 ouneta
425 2031 456 2095 in
483 2028 664 2094 memoriam
686 2032 871 2095 reuocentur
891 2031 924 2093 et
949 2028 1064 2095 mentis
1089 2029 1208 2095 intuitu
1228 2030 1309 2095 mira
1330 2031 1414 2095 eele-

286 2136 379 2201 ritate
401 2137 572 2211 cernantur,
599 2137 637 2200 ut
657 2138 786 2200 aoouset
811 2135 864 2199 uel
889 2138 1017 2201 enouaet
1037 2135 1168 2200 seientia
1189 2136 1412 2201 conscientiam

286 2241 387 2325 adque
413 2241 459 2305 ita
484 2240 580 2304 simul
607 2243 640 2305 et
666 2258 774 2305 omnes
800 2243 833 2306 et
859 2240 977 2325 singuli
998 2240 1184 2306 iudicentur.
1212 2238 1301 2320 Quae
1323 2242 1413 2306 nimi-

286 2366 357 2413 rum
387 2346 439 2411 uis
470 2345 576 2411 diuina
605 2345 678 2410 libri
707 2364 820 2411 nomen
846 2346 976 2429 accepit
1007 2347 1043 2412 In
1070 2365 1107 2411 ea
1132 2347 1248 2430 quippe
1275 2346 1414 2430 quodam

287 2451 379 2518 modo
401 2452 528 2537 legitur,
552 2450 703 2534 quidquid
726 2470 762 2516 ea
783 2451 916 2517 faeieute
938 2453 1096 2519 recolitur.
1119 2452 1164 2519 Ut
1185 2457 1291 2518 autem
1309 2458 1413 2518 osteu-
1432 2474 1458 2511 no

287 2559 351 2636 dat,
374 2558 427 2641 qui
449 2556 565 2623 mortui
586 2557 746 2622 iudicandi
768 2557 842 2635 sint,
864 2558 974 2640 pusilli
992 2561 1025 2624 et
1041 2558 1156 2642 magni,
1177 2558 1413 2643 recapitulando

175 2721 178 2726 .
287 2663 364 2730 dioit
384 2667 544 2746 tamqnam
568 2662 608 2728 ad
629 2662 661 2727 id
678 2663 811 2739 rediens,
829 2662 913 2747 quod
931 2664 1131 2747 praeterierat
1147 2665 1296 2747 potiusne
1314 2663 1414 2730 distu-

149 2859 152 2864 ,
286 2772 382 2836 leret:
414 2770 462 2836 ur
492 2769 677 2834 exhibuit
703 2774 883 2835 mortuos
910 2789 1024 2849 mare,
1055 2769 1189 2853 quiin
1217 2790 1260 2837 eo
1288 2776 1413 2847 erant,

149 2907 152 2913 ¹
288 2881 328 2941 et
348 2895 452 2942 mors
480 2879 519 2941 et
539 2876 724 2941 internus
746 2875 1014 2941 reddiderunt
1035 2879 1225 2955 mortuos,
1252 2896 1352 2959 quoe
1375 2878 1414 2943 in

288 3001 329 3048 se
360 2981 569 3049 habebant.
601 2981 670 3047 Hoe
702 2982 810 3065 proeul
842 2982 937 3048 dubio
968 2982 1056 3066 prius
1080 2983 1201 3049 fantum
1227 2986 1287 3059 est,
1318 3002 1414 3066 quam
1434 3010 1458 3050 ιε

279 3090 395 3155 essent
416 3088 531 3153 mortui
552 3087 697 3165 iudioati3
723 3090 880 3153 ettamen
907 3087 987 3153 illud
1010 3088 1098 3172 prius
1120 3088 1240 3154 dietum
1264 3090 1323 3154 est.
1345 3090 1416 3154 Hoc
1526 3114 1529 3117 >

288 3197 339 3261 est
368 3213 442 3280 ergo
474 3193 557 3277 quod
586 3194 659 3273 diri,
690 3194 924 3277 recapitulando
956 3213 1028 3261 eum
1060 3195 1100 3261 ad
1125 3195 1159 3260 id
1185 3195 1304 3261 redisse
1332 3197 1416 3279 quod

288 3300 507 3366 intermiserat.
528 3300 619 3366 Nune
642 3303 747 3367 autem
770 3298 910 3366 ordinem
931 3301 1043 3378 tenuit,
1067 3300 1169 3385 adque
1191 3304 1229 3366 ut
1250 3301 1417 3385 explicare·

288 3412 341 3472 tur
365 3407 434 3491 ipae
461 3407 547 3484 ordo,
575 3407 769 3473 commodius
797 3407 892 3472 etiam
919 3407 957 3473 de
983 3407 1131 3474 iudicatis
1158 3408 1304 3484 mortuis,
1332 3408 1417 3490 quod

288 3515 351 3580 iam
378 3512 506 3593 dixerat,
533 3530 591 3578 suo
617 3511 767 3595 repetiuit
791 3511 873 3580 loeo.
902 3510 982 3578 Cum
1008 3512 1090 3577 enim
1118 3511 1265 3578 dixisset:
1291 3513 1340 3578 lit
1362 3530 1417 3577 er·
1435 3538 1463 3578 so

289 3617 427 3683 hibuit
451 3620 633 3684 mortuos
659 3636 772 3695 mare,
800 3609 931 3701 quiin
960 3635 1002 3682 eo
1030 3619 1153 3694 erant,
1181 3620 1220 3683 et
1246 3637 1349 3684 mors
1380 3623 1419 3683 et

289 3723 474 3789 infernus
509 3722 774 3788 reddiderunt
804 3727 994 3803 mortuos,
1031 3742 1129 3807 quos
1160 3723 1198 3788 iu
1231 3742 1272 3789 se
1303 3724 1417 3789 habe·

289 3827 400 3894 bant:
428 3846 499 3894 mor
522 3826 641 3894 addidit
663 3828 746 3911 quod
768 3829 862 3913 paulo
886 3833 957 3895 ante
978 3833 1142 3912 posuerat:
1172 3829 1221 3894 ut
1241 3829 1418 3895 iudicati

291 3939 384 4000 sunt
407 3933 560 4019 singuli
583 3934 799 4000 seeundum
823 3935 931 4001 faeta
957 3954 1037 4001 sus
1064 3937 1133 4002 Hoo
1156 3940 1207 4001 est
1228 3937 1311 4001 euim
1334 3937 1417 4019 quod

290 4058 386 4125 supra
420 4039 552 4106 timeret:
592 4041 641 4105 lit
675 4040 849 4106 iudicati
886 4044 979 4107 suut
1014 4043 1162 4108 mortui
1198 4042 1466 4108 seeundumas

290 4146 401 4212 iaota
422 4164 504 4211 eua.

381 4353 414 4408 13
432 4355 514 4424 dpoo.
533 4353 577 4418 20,
597 4355 630 4409 13

240 4511 242 4515 <
327 4474 485 4531 lomnibna
502 4474 551 4530 aed
569 4477 714 4547 singuline
775 4480 965 4549 'texensaetg
1025 4477 1180 4537 adiuuit
1244 4478 1274 4533 11
1295 4480 1360 4542 sunt
1376 4492 1417 4547 ep

293 4562 326 4618 13
345 4569 370 4617 et
388 4562 420 4618 21
440 4578 512 4618 mare
530 4568 681 4620 mortuoae
736 4565 930 4621 irretiisse
991 4567 1025 4621 22
1042 4571 1161 4621 mortuos
1179 4582 1274 4620 auore
1325 4567 1360 4620 24
1378 4582 1416 4632 eq.

291 4651 449 4719 nocuoque
468 4652 507 4706 ud
523 4652 596 4707 faeta
614 4670 663 4708 sua
681 4670 763 4709 mue
