3217 6325
287 1332 351 1394 430
617 1326 644 1380 S.
672 1326 826 1380 Aurelii
854 1324 1067 1396 Angnetini

285 1519 323 1583 in
352 1516 454 1583 omni
481 1515 683 1599 despecto,
706 1516 739 1581 id
761 1515 864 1582 estin
888 1514 973 1581 omni
994 1514 1090 1581 etiem
1112 1513 1166 1597 qui
1188 1515 1415 1580 oontemtibilie

283 1622 336 1688 hio
367 1622 494 1688 nidetnr
524 1626 556 1686 et
585 1621 656 1688 ideo
687 1640 746 1687 neo
776 1621 917 1698 uidetur3
950 1620 1098 1703 qnoniam
1129 1620 1216 1686 Dene
1248 1622 1281 1686 et
1308 1621 1412 1704 ipsum

285 1729 373 1794 uidet
394 1745 450 1793 neo
472 1745 544 1793 enm
569 1726 703 1810 despicit
723 1746 781 1793 neo
802 1746 876 1793 oum
897 1725 1018 1793 indicet
1039 1726 1197 1810 praeterit

734 1916 869 1985 CAPUT
891 1918 963 1983 1111

286 2058 393 2140 Quod
428 2058 474 2124 ed
507 2058 784 2125 disserendum
819 2058 863 2124 de
894 2058 1121 2147 nonieeimo
1151 2057 1308 2124 iudicio
1341 2060 1415 2126 Dei
1446 2086 1460 2126 o

284 2167 377 2233 noni
407 2165 575 2251 primum
606 2164 844 2230 testamenti
873 2183 914 2229 ae
942 2162 1086 2230 deinde
1114 2166 1270 2229 noterio
1297 2166 1413 2231 tenti·

612 2270 742 2336 monia
764 2272 1000 2355 prolaturus
1023 2270 1089 2336 eit

328 2412 432 2477 Huius
462 2410 569 2494 iteqne
599 2410 705 2477 ultimi
736 2409 847 2476 indicii
878 2410 937 2476 Dei
967 2411 1149 2476 testimonie
1179 2410 1217 2475 de
1249 2410 1415 2496 scripturis

284 2518 412 2597 eenotie,
444 2536 523 2602 quoe
555 2536 667 2600 ponere
697 2516 833 2594 institui,
865 2517 953 2602 prino
984 2515 1128 2601 eligenda
1159 2520 1233 2582 eunt
1260 2516 1297 2582 de
1322 2516 1414 2583 libris

282 2624 483 2691 instrumenti
513 2624 597 2701 noni,
635 2626 747 2707 penten
778 2622 816 2689 de
848 2624 974 2690 ueteris.
1006 2621 1159 2703 Quomnie
1191 2624 1274 2689 enim
1304 2628 1458 2689 ueterem

284 2732 387 2814 priore
413 2728 476 2795 sint
501 2732 652 2813 tempore,
679 2747 759 2795 noue
781 2732 887 2794 tomen
913 2729 1127 2813 anteponendo
1152 2732 1227 2795 ennt
1248 2728 1413 2815 dignitate,

284 2837 430 2919 quoniam
464 2834 521 2900 illo
555 2838 663 2901 uetere
692 2835 858 2919 praeconio
889 2839 964 2901 eunt
993 2855 1157 2902 nouorum.
1194 2832 1285 2901 Noun
1314 2835 1415 2920 igitur

283 2945 437 3024 ponentur
467 2941 566 3025 prino,
602 2958 682 3023 qnae
713 2944 751 3005 nt
781 2940 902 3006 firmine
933 2940 1112 3023 probemus,
1145 2940 1350 3007 odeumentnr
1380 2949 1415 3006 et

283 3051 400 3114 uetere.
423 3048 458 3112 In
481 3046 641 3113 ueteribus
664 3046 818 3112 habentur
833 3047 884 3112 lex
905 3049 938 3112 et
958 3046 1139 3131 prophetae,
1161 3046 1193 3113 in
1211 3046 1302 3112 nonin
1320 3066 1413 3130 enen-

283 3154 400 3238 gelium
437 3155 469 3219 et
504 3153 695 3237 apostolieae
730 3152 863 3220 litterae.
899 3152 955 3220 Ait
990 3156 1095 3220 entem
1131 3152 1310 3238 apostolos:
1341 3151 1413 3219 Per
1433 3176 1457 3219 ιι

284 3263 411 3345 legem
450 3261 551 3326 enim
589 3260 772 3345 cognitio
807 3260 978 3345 peceati.
1013 3259 1125 3328 Nune
1161 3263 1293 3326 entem
1324 3258 1412 3324 tine

281 3367 368 3452 lege
394 3364 565 3433 iustitie
589 3365 662 3432 Dei
689 3365 954 3433 mnniieetetn
982 3369 1053 3447 eet,
1081 3366 1319 3433 teetiiientn
1343 3383 1413 3448 per

281 3472 408 3556 legem
433 3474 471 3538 et
492 3471 729 3556 prophetem
758 3471 928 3538 iustitie
950 3475 1081 3538 autem
1104 3472 1177 3538 Dei
1198 3490 1268 3555 per
1289 3469 1411 3536 iidem

281 3579 374 3643 Iesu
401 3575 556 3644 Christi
583 3577 620 3642 in
644 3596 777 3643 omnes
801 3578 869 3662 qui
892 3578 1070 3644 eredunt
1097 3578 1185 3645 Haeo
1207 3576 1331 3644 inetitie
1351 3575 1412 3642 Dei

280 3682 318 3748 nd
340 3701 457 3749 nonum
480 3682 616 3766 pertinet
636 3686 860 3750 testamentum
883 3685 916 3749 et
937 3683 1154 3750 testimoninm
1172 3683 1267 3750 hebet
1289 3684 1412 3748 nnete·
1427 3705 1455 3746 ro

279 3790 367 3857 ribne
389 3789 489 3870 libris,
509 3790 568 3857 hoo
592 3793 642 3857 eet
662 3790 733 3876 lege
756 3809 792 3856 no
810 3791 983 3875 prophetie.
1002 3790 1095 3857 Prine
1112 3791 1211 3876 igitur
1227 3789 1298 3873 ipen
1315 3806 1412 3854 ennea

259 3888 421 3980 'ponende
458 3899 517 3974 eet,
554 3900 587 3961 et
620 3900 731 3979 posteo
765 3899 865 3963 testes
896 3895 1123 3964 introducendi.
1154 3895 1247 3962 Hune
1278 3897 1311 3962 et
1340 3893 1411 3978 ipre

279 4002 424 4070 Chrietne
441 4001 531 4069 Iesus
551 4001 689 4067 ordinem
708 4002 895 4068 seruandum
915 4021 985 4069 esee
1004 4003 1238 4069 demonstrans:
1258 3999 1410 4077 Scribe,

277 4109 392 4193 inquit,
421 4108 606 4175 eruditus
631 4109 668 4174 in
690 4127 811 4195 regno
835 4109 906 4176 Dei
929 4109 1080 4174 similis
1103 4112 1166 4175 eet
1193 4107 1280 4173 niro
1302 4106 1410 4191 patri

278 4216 459 4283 inmilino
477 4215 700 4300 proferenti
719 4215 763 4281 de
781 4215 973 4282 thesauro
993 4234 1064 4282 eno
1083 4232 1186 4281 nono
1203 4217 1242 4280 et
1260 4215 1408 4279 uetere
1427 4232 1456 4274 n

276 4320 347 4389 Non
380 4321 473 4389 dixit:
495 4320 620 4388 ‘Vetere
650 4324 681 4387 et
707 4321 808 4400 noun',
840 4321 923 4404 qood
951 4322 1059 4405 ntique
1086 4320 1227 4399 dixisset,
1254 4319 1316 4385 niei
1344 4337 1410 4384 mr·

275 4431 391 4496 lnieeet
411 4429 594 4496 meritomm
616 4428 756 4495 ordinem
778 4447 903 4495 eernere
927 4448 1020 4512 quom
1044 4432 1231 4513 temporum.

368 4620 400 4674 15
419 4617 494 4672 Boni.
513 4618 538 4683 3,
557 4617 592 4673 20
609 4633 667 4688 eqq.
721 4617 756 4671 23
774 4617 823 4671 Mt.
844 4617 885 4681 13,
904 4618 938 4671 52

312 4789 396 4842 ¹tneo
414 4802 498 4842 ome
563 4743 746 4858 3diepioe¹t9
831 4787 863 4841 13
882 4801 947 4840 enne
966 4785 991 4840 e¹
1071 4787 1103 4840 21
1124 4785 1185 4856 lege
1201 4783 1410 4855 emoleret

279 4874 377 4930 Domb.
430 4893 462 4930 ee
480 4891 557 4946 eom
575 4874 743 4931 etoDomb.
797 4890 891 4946 ergon
925 4874 1249 4946 22etanteipeeom.y
1283 4872 1410 4928 231eene

279 4963 375 5017 Chnv
427 4963 461 5017 24
480 4965 537 5020 niro
556 4980 640 5034 oonp
