<?xml version="1.0" encoding="UTF-8"?>
<!DOCTYPE html PUBLIC "-//W3C//DTD XHTML 1.0 Transitional//EN"
    "http://www.w3.org/TR/xhtml1/DTD/xhtml1-transitional.dtd">
<html xmlns="http://www.w3.org/1999/xhtml" xml:lang="en" lang="en">
 <head>
  <title>
</title>
<meta http-equiv="Content-Type" content="text/html;charset=utf-8" />
  <meta name='ocr-system' content='tesseract 3.04.00' />
  <meta name='ocr-capabilities' content='ocr_page ocr_carea ocr_par ocr_line ocrx_word'/>
</head>
<body>
  <div class='ocr_page' id='page_1' title='image "./sanctiavreliiav00hoffgoog_0484.png"; bbox 0 0 3217 6325; ppageno 0'>
   <div class='ocr_carea' id='block_1_1' title="bbox 270 1314 1058 1385">
    <p class='ocr_par' dir='ltr' id='par_1_1' title="bbox 270 1314 1058 1385">
     <span class='ocr_line' id='line_1_1' title="bbox 270 1314 1058 1385; baseline -0.015 -6"><span class='ocrx_word' id='word_1_1' title='bbox 270 1320 334 1384; x_wconf 78' lang='grc'><strong>470</strong></span> <span class='ocrx_word' id='word_1_2' title='bbox 612 1316 638 1371; x_wconf 85' lang='lat' dir='ltr'><strong>S.</strong></span> <span class='ocrx_word' id='word_1_3' title='bbox 665 1315 820 1370; x_wconf 74' lang='lat' dir='ltr'><strong>Aurelii</strong></span> <span class='ocrx_word' id='word_1_4' title='bbox 845 1314 1058 1385; x_wconf 76' lang='lat' dir='ltr'><strong>Augustini</strong></span> 
     </span>
    </p>
   </div>
   <div class='ocr_carea' id='block_1_2' title="bbox 270 1504 1438 3705">
    <p class='ocr_par' dir='ltr' id='par_1_2' title="bbox 270 1504 1438 3705">
     <span class='ocr_line' id='line_1_2' title="bbox 270 1504 1394 1590; baseline -0.004 -14"><span class='ocrx_word' id='word_1_5' title='bbox 270 1510 367 1577; x_wconf 84' lang='lat' dir='ltr'><strong>laoies</strong></span> <span class='ocrx_word' id='word_1_6' title='bbox 384 1510 486 1576; x_wconf 84' lang='lat' dir='ltr'><strong>iuerat</strong></span> <span class='ocrx_word' id='word_1_7' title='bbox 504 1510 607 1575; x_wconf 87' lang='lat' dir='ltr'><strong>deleta</strong></span> <span class='ocrx_word' id='word_1_8' title='bbox 625 1509 754 1576; x_wconf 91' lang='lat' dir='ltr'><strong>diluuio.</strong></span> <span class='ocrx_word' id='word_1_9' title='bbox 778 1508 853 1590; x_wconf 83' lang='lat' dir='ltr'><strong>Qui</strong></span> <span class='ocrx_word' id='word_1_10' title='bbox 875 1512 1007 1575; x_wconf 88' lang='lat' dir='ltr'><strong>autem</strong></span> <span class='ocrx_word' id='word_1_11' title='bbox 1029 1526 1129 1573; x_wconf 92' lang='lat' dir='ltr'><strong>nuno</strong></span> <span class='ocrx_word' id='word_1_12' title='bbox 1152 1509 1256 1583; x_wconf 85' lang='lat' dir='ltr'><strong>snut,</strong></span> <span class='ocrx_word' id='word_1_13' title='bbox 1277 1504 1394 1589; x_wconf 79' lang='lat' dir='ltr'><strong>inquit,</strong></span> 
     </span>
     <span class='ocr_line' id='line_1_3' title="bbox 271 1612 1394 1699; baseline -0.003 -19"><span class='ocrx_word' id='word_1_14' title='bbox 271 1614 375 1680; x_wconf 90' lang='lat' dir='ltr'><strong>oaeli</strong></span> <span class='ocrx_word' id='word_1_15' title='bbox 411 1617 449 1680; x_wconf 89' lang='lat' dir='ltr'><strong>st</strong></span> <span class='ocrx_word' id='word_1_16' title='bbox 485 1617 601 1692; x_wconf 84' lang='lat' dir='ltr'><strong>terra,</strong></span> <span class='ocrx_word' id='word_1_17' title='bbox 638 1614 772 1680; x_wconf 92' lang='lat' dir='ltr'><strong>eodem</strong></span> <span class='ocrx_word' id='word_1_18' title='bbox 808 1615 929 1681; x_wconf 88' lang='lat' dir='ltr'><strong>uerbo</strong></span> <span class='ocrx_word' id='word_1_19' title='bbox 961 1614 1136 1698; x_wconf 79' lang='lat' dir='ltr'><strong>repositi</strong></span> <span class='ocrx_word' id='word_1_20' title='bbox 1167 1616 1270 1688; x_wconf 85' lang='lat' dir='ltr'><strong>sunt,</strong></span> <span class='ocrx_word' id='word_1_21' title='bbox 1305 1612 1394 1699; x_wconf 81' lang='lat' dir='ltr'><strong>igni</strong></span> 
     </span>
     <span class='ocr_line' id='line_1_4' title="bbox 270 1719 1394 1804; baseline -0.004 -17"><span class='ocrx_word' id='word_1_22' title='bbox 270 1721 505 1788; x_wconf 88' lang='lat' dir='ltr'><strong>reseruandi</strong></span> <span class='ocrx_word' id='word_1_23' title='bbox 528 1721 564 1787; x_wconf 87' lang='lat' dir='ltr'><strong>in</strong></span> <span class='ocrx_word' id='word_1_24' title='bbox 583 1721 686 1787; x_wconf 89' lang='lat' dir='ltr'><strong>diem</strong></span> <span class='ocrx_word' id='word_1_25' title='bbox 703 1721 852 1788; x_wconf 89' lang='lat' dir='ltr'><strong>indioii</strong></span> <span class='ocrx_word' id='word_1_26' title='bbox 870 1721 1174 1804; x_wconf 89' lang='lat' dir='ltr'><strong>et-perditiouis</strong></span> <span class='ocrx_word' id='word_1_27' title='bbox 1191 1719 1394 1799; x_wconf 86' lang='lat' dir='ltr'><strong>bominum</strong></span> 
     </span>
     <span class='ocr_line' id='line_1_5' title="bbox 270 1824 1394 1912; baseline -0.001 -22"><span class='ocrx_word' id='word_1_28' title='bbox 270 1826 479 1912; x_wconf 87' lang='lat' dir='ltr'><strong>inpiorum.</strong></span> <span class='ocrx_word' id='word_1_29' title='bbox 500 1827 633 1893; x_wconf 82' lang='lat' dir='ltr'><strong>Proinde</strong></span> <span class='ocrx_word' id='word_1_30' title='bbox 655 1827 710 1911; x_wconf 87' lang='lat' dir='ltr'><strong>qui</strong></span> <span class='ocrx_word' id='word_1_31' title='bbox 732 1827 810 1892; x_wconf 88' lang='lat' dir='ltr'><strong>oaeli</strong></span> <span class='ocrx_word' id='word_1_32' title='bbox 834 1832 866 1892; x_wconf 90' lang='lat' dir='ltr'><strong>et</strong></span> <span class='ocrx_word' id='word_1_33' title='bbox 887 1846 968 1910; x_wconf 87' lang='lat' dir='ltr'><strong>quae</strong></span> <span class='ocrx_word' id='word_1_34' title='bbox 988 1831 1079 1904; x_wconf 83' lang='lat' dir='ltr'><strong>terra,</strong></span> <span class='ocrx_word' id='word_1_35' title='bbox 1101 1826 1211 1907; x_wconf 82' lang='lat' dir='ltr'><strong>idest,</strong></span> <span class='ocrx_word' id='word_1_36' title='bbox 1230 1824 1285 1909; x_wconf 92' lang='lat' dir='ltr'><strong>qui</strong></span> <span class='ocrx_word' id='word_1_37' title='bbox 1303 1844 1394 1890; x_wconf 92' lang='lat' dir='ltr'><strong>mnn-</strong></span> 
     </span>
     <span class='ocr_line' id='line_1_6' title="bbox 271 1933 1437 2020; baseline -0.006 -21"><span class='ocrx_word' id='word_1_38' title='bbox 271 1933 330 1999; x_wconf 91' lang='lat' dir='ltr'><strong>dus</strong></span> <span class='ocrx_word' id='word_1_39' title='bbox 356 1953 411 2018; x_wconf 92' lang='lat' dir='ltr'><strong>pro</strong></span> <span class='ocrx_word' id='word_1_40' title='bbox 439 1953 475 2000; x_wconf 91' lang='lat' dir='ltr'><strong>eo</strong></span> <span class='ocrx_word' id='word_1_41' title='bbox 502 1935 627 2011; x_wconf 83' lang='lat' dir='ltr'><strong>mundo,</strong></span> <span class='ocrx_word' id='word_1_42' title='bbox 655 1934 708 2020; x_wconf 92' lang='lat' dir='ltr'><strong>qui</strong></span> <span class='ocrx_word' id='word_1_43' title='bbox 735 1935 856 2001; x_wconf 92' lang='lat' dir='ltr'><strong>diluuio</strong></span> <span class='ocrx_word' id='word_1_44' title='bbox 883 1935 986 2018; x_wconf 76' lang='lat' dir='ltr'><strong>periit,</strong></span> <span class='ocrx_word' id='word_1_45' title='bbox 1014 1953 1049 2000; x_wconf 84' lang='lat' dir='ltr'><strong>ex</strong></span> <span class='ocrx_word' id='word_1_46' title='bbox 1071 1934 1179 1999; x_wconf 88' lang='lat' dir='ltr'><strong>eadem</strong></span> <span class='ocrx_word' id='word_1_47' title='bbox 1203 1951 1284 2016; x_wconf 87' lang='lat' dir='ltr'><strong>aqua</strong></span> <span class='ocrx_word' id='word_1_48' title='bbox 1304 1951 1394 2014; x_wconf 78' lang='lat' dir='ltr'><strong>repo</strong></span> <span class='ocrx_word' id='word_1_49' title='bbox 1423 1955 1437 1992; x_wconf 75' lang='lat' dir='ltr'><strong>a</strong></span> 
     </span>
     <span class='ocr_line' id='line_1_7' title="bbox 271 2037 1395 2126; baseline -0.001 -22"><span class='ocrx_word' id='word_1_50' title='bbox 271 2040 353 2108; x_wconf 86' lang='lat' dir='ltr'><strong>situs</strong></span> <span class='ocrx_word' id='word_1_51' title='bbox 384 2043 443 2118; x_wconf 88' lang='lat' dir='ltr'><strong>est,</strong></span> <span class='ocrx_word' id='word_1_52' title='bbox 473 2040 542 2123; x_wconf 86' lang='lat' dir='ltr'><strong>ipse</strong></span> <span class='ocrx_word' id='word_1_53' title='bbox 568 2040 634 2126; x_wconf 81' lang='lat' dir='ltr'><strong>igni</strong></span> <span class='ocrx_word' id='word_1_54' title='bbox 661 2040 834 2107; x_wconf 89' lang='lat' dir='ltr'><strong>nouissimo</strong></span> <span class='ocrx_word' id='word_1_55' title='bbox 861 2044 1039 2107; x_wconf 88' lang='lat' dir='ltr'><strong>reseruatur</strong></span> <span class='ocrx_word' id='word_1_56' title='bbox 1064 2038 1202 2105; x_wconf 89' lang='lat' dir='ltr'><strong>indiam</strong></span> <span class='ocrx_word' id='word_1_57' title='bbox 1228 2037 1337 2103; x_wconf 91' lang='lat' dir='ltr'><strong>iudioii</strong></span> <span class='ocrx_word' id='word_1_58' title='bbox 1360 2042 1395 2103; x_wconf 85' lang='lat' dir='ltr'><strong>et</strong></span> 
     </span>
     <span class='ocr_line' id='line_1_8' title="bbox 270 2144 1394 2232; baseline -0.003 -22"><span class='ocrx_word' id='word_1_59' title='bbox 270 2144 452 2229; x_wconf 76' lang='lat' dir='ltr'><strong>perditionis</strong></span> <span class='ocrx_word' id='word_1_60' title='bbox 490 2144 651 2212; x_wconf 91' lang='lat' dir='ltr'><strong>bominum</strong></span> <span class='ocrx_word' id='word_1_61' title='bbox 684 2146 852 2232; x_wconf 89' lang='lat' dir='ltr'><strong>inpiorum.</strong></span> <span class='ocrx_word' id='word_1_62' title='bbox 896 2146 977 2212; x_wconf 82' lang='lat' dir='ltr'><strong>Nam</strong></span> <span class='ocrx_word' id='word_1_63' title='bbox 1013 2149 1046 2211; x_wconf 89' lang='lat' dir='ltr'><strong>et</strong></span> <span class='ocrx_word' id='word_1_64' title='bbox 1076 2145 1237 2210; x_wconf 89' lang='lat' dir='ltr'><strong>hominum</strong></span> <span class='ocrx_word' id='word_1_65' title='bbox 1266 2146 1394 2229; x_wconf 84' lang='lat' dir='ltr'><strong>propter</strong></span> 
     </span>
     <span class='ocr_line' id='line_1_9' title="bbox 270 2248 1394 2334; baseline -0.002 -18"><span class='ocrx_word' id='word_1_66' title='bbox 270 2268 415 2334; x_wconf 81' lang='lat' dir='ltr'><strong>magnam</strong></span> <span class='ocrx_word' id='word_1_67' title='bbox 441 2252 594 2334; x_wconf 88' lang='lat' dir='ltr'><strong>quandam</strong></span> <span class='ocrx_word' id='word_1_68' title='bbox 623 2253 899 2318; x_wconf 88' lang='lat' dir='ltr'><strong>eommutationem</strong></span> <span class='ocrx_word' id='word_1_69' title='bbox 927 2271 987 2318; x_wconf 95' lang='lat' dir='ltr'><strong>uon</strong></span> <span class='ocrx_word' id='word_1_70' title='bbox 1014 2252 1138 2318; x_wconf 90' lang='lat' dir='ltr'><strong>dubitat</strong></span> <span class='ocrx_word' id='word_1_71' title='bbox 1164 2251 1265 2315; x_wconf 88' lang='lat' dir='ltr'><strong>dioere</strong></span> <span class='ocrx_word' id='word_1_72' title='bbox 1291 2248 1394 2332; x_wconf 88' lang='lat' dir='ltr'><strong>perdi·</strong></span> 
     </span>
     <span class='ocr_line' id='line_1_10' title="bbox 270 2355 1394 2440; baseline 0 -20"><span class='ocrx_word' id='word_1_73' title='bbox 270 2356 388 2422; x_wconf 83' lang='lat' dir='ltr'><strong>tionem</strong></span> <span class='ocrx_word' id='word_1_74' title='bbox 413 2355 561 2435; x_wconf 82' lang='lat' dir='ltr'><strong>futuram,</strong></span> <span class='ocrx_word' id='word_1_75' title='bbox 588 2376 660 2424; x_wconf 89' lang='lat' dir='ltr'><strong>eum</strong></span> <span class='ocrx_word' id='word_1_76' title='bbox 681 2361 785 2424; x_wconf 90' lang='lat' dir='ltr'><strong>tamen</strong></span> <span class='ocrx_word' id='word_1_77' title='bbox 814 2376 921 2423; x_wconf 90' lang='lat' dir='ltr'><strong>eornm</strong></span> <span class='ocrx_word' id='word_1_78' title='bbox 943 2357 1088 2440; x_wconf 84' lang='lat' dir='ltr'><strong>quamuis</strong></span> <span class='ocrx_word' id='word_1_79' title='bbox 1110 2357 1142 2421; x_wconf 93' lang='lat' dir='ltr'><strong>iu</strong></span> <span class='ocrx_word' id='word_1_80' title='bbox 1165 2356 1299 2421; x_wconf 88' lang='lat' dir='ltr'><strong>aeternis</strong></span> <span class='ocrx_word' id='word_1_81' title='bbox 1320 2373 1394 2439; x_wconf 81' lang='lat' dir='ltr'><strong>poe-</strong></span> 
     </span>
     <span class='ocr_line' id='line_1_11' title="bbox 271 2460 1438 2545; baseline -0.003 -18"><span class='ocrx_word' id='word_1_82' title='bbox 271 2460 319 2527; x_wconf 90' lang='lat' dir='ltr'><strong>nis</strong></span> <span class='ocrx_word' id='word_1_83' title='bbox 355 2461 398 2528; x_wconf 86' lang='lat' dir='ltr'><strong>ait</strong></span> <span class='ocrx_word' id='word_1_84' title='bbox 432 2481 578 2529; x_wconf 80' lang='lat' dir='ltr'><strong>mansura</strong></span> <span class='ocrx_word' id='word_1_85' title='bbox 611 2467 730 2529; x_wconf 78' lang='lat' dir='ltr'><strong>natura</strong></span> <span class='ocrx_word' id='word_1_86' title='bbox 766 2462 902 2544; x_wconf 84' lang='lat' dir='ltr'><strong>Quaerat</strong></span> <span class='ocrx_word' id='word_1_87' title='bbox 936 2463 1067 2529; x_wconf 73' lang='lat' dir='ltr'><strong>forsitan</strong></span> <span class='ocrx_word' id='word_1_88' title='bbox 1099 2461 1223 2545; x_wconf 88' lang='lat' dir='ltr'><strong>aliquis,</strong></span> <span class='ocrx_word' id='word_1_89' title='bbox 1261 2461 1289 2525; x_wconf 88' lang='lat' dir='ltr'><strong>si</strong></span> <span class='ocrx_word' id='word_1_90' title='bbox 1318 2464 1395 2543; x_wconf 85' lang='lat' dir='ltr'><strong>post</strong></span> <span class='ocrx_word' id='word_1_91' title='bbox 1409 2483 1438 2524; x_wconf 78' lang='grc' dir='ltr'><strong>ιι</strong></span> 
     </span>
     <span class='ocr_line' id='line_1_12' title="bbox 270 2565 1392 2652; baseline 0 -20"><span class='ocrx_word' id='word_1_92' title='bbox 270 2566 389 2632; x_wconf 79' lang='lat' dir='ltr'><strong>laetum</strong></span> <span class='ocrx_word' id='word_1_93' title='bbox 423 2565 576 2633; x_wconf 89' lang='lat' dir='ltr'><strong>iudioinm</strong></span> <span class='ocrx_word' id='word_1_94' title='bbox 608 2568 671 2633; x_wconf 85' lang='lat' dir='ltr'><strong>iste</strong></span> <span class='ocrx_word' id='word_1_95' title='bbox 705 2567 842 2634; x_wconf 88' lang='lat' dir='ltr'><strong>mundus</strong></span> <span class='ocrx_word' id='word_1_96' title='bbox 877 2566 1007 2646; x_wconf 76' lang='lat' dir='ltr'><strong>ardebit,</strong></span> <span class='ocrx_word' id='word_1_97' title='bbox 1045 2571 1210 2652; x_wconf 88' lang='lat' dir='ltr'><strong>antequam</strong></span> <span class='ocrx_word' id='word_1_98' title='bbox 1244 2584 1299 2648; x_wconf 92' lang='lat' dir='ltr'><strong>pro</strong></span> <span class='ocrx_word' id='word_1_99' title='bbox 1335 2566 1392 2632; x_wconf 95' lang='lat' dir='ltr'><strong>illo</strong></span> 
     </span>
     <span class='ocr_line' id='line_1_13' title="bbox 273 2671 1393 2756; baseline 0 -21"><span class='ocrx_word' id='word_1_100' title='bbox 273 2671 394 2736; x_wconf 89' lang='lat' dir='ltr'><strong>eaelum</strong></span> <span class='ocrx_word' id='word_1_101' title='bbox 416 2690 533 2736; x_wconf 89' lang='lat' dir='ltr'><strong>nonum</strong></span> <span class='ocrx_word' id='word_1_102' title='bbox 556 2675 588 2738; x_wconf 91' lang='lat' dir='ltr'><strong>et</strong></span> <span class='ocrx_word' id='word_1_103' title='bbox 609 2675 691 2738; x_wconf 84' lang='lat' dir='ltr'><strong>terra</strong></span> <span class='ocrx_word' id='word_1_104' title='bbox 711 2691 795 2739; x_wconf 88' lang='lat' dir='ltr'><strong>noua</strong></span> <span class='ocrx_word' id='word_1_105' title='bbox 816 2676 993 2756; x_wconf 86' lang='lat' dir='ltr'><strong>reponatur,</strong></span> <span class='ocrx_word' id='word_1_106' title='bbox 1015 2692 1053 2739; x_wconf 87' lang='lat' dir='ltr'><strong>eo</strong></span> <span class='ocrx_word' id='word_1_107' title='bbox 1074 2672 1145 2756; x_wconf 91' lang='lat' dir='ltr'><strong>ipso</strong></span> <span class='ocrx_word' id='word_1_108' title='bbox 1162 2675 1302 2755; x_wconf 89' lang='lat' dir='ltr'><strong>tempore</strong></span> <span class='ocrx_word' id='word_1_109' title='bbox 1321 2690 1393 2736; x_wconf 89' lang='lat' dir='ltr'><strong>oon·</strong></span> 
     </span>
     <span class='ocr_line' id='line_1_14' title="bbox 271 2775 1394 2861; baseline 0 -19"><span class='ocrx_word' id='word_1_110' title='bbox 271 2775 463 2861; x_wconf 54' lang='lat' dir='ltr'><strong>&amp;pabonis</strong></span> <span class='ocrx_word' id='word_1_111' title='bbox 490 2777 558 2844; x_wconf 87' lang='lat' dir='ltr'><strong>eius</strong></span> <span class='ocrx_word' id='word_1_112' title='bbox 584 2778 638 2844; x_wconf 90' lang='lat' dir='ltr'><strong>ubi</strong></span> <span class='ocrx_word' id='word_1_113' title='bbox 664 2782 756 2845; x_wconf 89' lang='lat' dir='ltr'><strong>eruut</strong></span> <span class='ocrx_word' id='word_1_114' title='bbox 782 2778 893 2857; x_wconf 88' lang='lat' dir='ltr'><strong>saneti,</strong></span> <span class='ocrx_word' id='word_1_115' title='bbox 919 2797 990 2844; x_wconf 87' lang='lat' dir='ltr'><strong>oum</strong></span> <span class='ocrx_word' id='word_1_116' title='bbox 1015 2798 1068 2845; x_wconf 91' lang='lat' dir='ltr'><strong>eos</strong></span> <span class='ocrx_word' id='word_1_117' title='bbox 1093 2779 1241 2843; x_wconf 89' lang='lat' dir='ltr'><strong>babentes</strong></span> <span class='ocrx_word' id='word_1_118' title='bbox 1263 2796 1394 2861; x_wconf 86' lang='lat' dir='ltr'><strong>eorpora</strong></span> 
     </span>
     <span class='ocr_line' id='line_1_15' title="bbox 271 2882 1393 2966; baseline -0.001 -17"><span class='ocrx_word' id='word_1_119' title='bbox 271 2882 302 2949; x_wconf 91' lang='lat' dir='ltr'><strong>in</strong></span> <span class='ocrx_word' id='word_1_120' title='bbox 330 2882 434 2966; x_wconf 87' lang='lat' dir='ltr'><strong>aliquo</strong></span> <span class='ocrx_word' id='word_1_121' title='bbox 461 2884 612 2966; x_wconf 80' lang='lat' dir='ltr'><strong>corporali</strong></span> <span class='ocrx_word' id='word_1_122' title='bbox 637 2886 706 2950; x_wconf 92' lang='lat' dir='ltr'><strong>looo</strong></span> <span class='ocrx_word' id='word_1_123' title='bbox 734 2902 804 2950; x_wconf 87' lang='lat' dir='ltr'><strong>esse</strong></span> <span class='ocrx_word' id='word_1_124' title='bbox 830 2903 958 2950; x_wconf 89' lang='lat' dir='ltr'><strong>neeesse</strong></span> <span class='ocrx_word' id='word_1_125' title='bbox 985 2885 1037 2952; x_wconf 87' lang='lat' dir='ltr'><strong>sit</strong></span> <span class='ocrx_word' id='word_1_126' title='bbox 1064 2885 1238 2950; x_wconf 85' lang='lat' dir='ltr'><strong>Possumus</strong></span> <span class='ocrx_word' id='word_1_127' title='bbox 1264 2901 1393 2966; x_wconf 88' lang='lat' dir='ltr'><strong>respou-</strong></span> 
     </span>
     <span class='ocr_line' id='line_1_16' title="bbox 273 2986 1437 3075; baseline 0.003 -23"><span class='ocrx_word' id='word_1_128' title='bbox 273 2986 344 3053; x_wconf 81' lang='lat' dir='ltr'><strong>dere</strong></span> <span class='ocrx_word' id='word_1_129' title='bbox 375 2988 498 3055; x_wconf 77' lang='lat' dir='ltr'><strong>futuros</strong></span> <span class='ocrx_word' id='word_1_130' title='bbox 525 3008 578 3056; x_wconf 86' lang='lat' dir='ltr'><strong>eos</strong></span> <span class='ocrx_word' id='word_1_131' title='bbox 605 3008 675 3056; x_wconf 87' lang='lat' dir='ltr'><strong>esse</strong></span> <span class='ocrx_word' id='word_1_132' title='bbox 701 2990 733 3054; x_wconf 90' lang='lat' dir='ltr'><strong>in</strong></span> <span class='ocrx_word' id='word_1_133' title='bbox 761 2989 973 3075; x_wconf 88' lang='lat' dir='ltr'><strong>superioribus</strong></span> <span class='ocrx_word' id='word_1_134' title='bbox 996 2990 1148 3075; x_wconf 85' lang='lat' dir='ltr'><strong>partibus,</strong></span> <span class='ocrx_word' id='word_1_135' title='bbox 1180 3007 1242 3072; x_wconf 92' lang='lat' dir='ltr'><strong>quo</strong></span> <span class='ocrx_word' id='word_1_136' title='bbox 1263 2989 1310 3053; x_wconf 87' lang='lat' dir='ltr'><strong>ita</strong></span> <span class='ocrx_word' id='word_1_137' title='bbox 1330 3006 1391 3053; x_wconf 94' lang='lat' dir='ltr'><strong>non</strong></span> <span class='ocrx_word' id='word_1_138' title='bbox 1410 3012 1437 3057; x_wconf 79' lang='grc' dir='ltr'><strong>ιι</strong></span> 
     </span>
     <span class='ocr_line' id='line_1_17' title="bbox 273 3092 1393 3180; baseline -0.001 -22"><span class='ocrx_word' id='word_1_139' title='bbox 273 3092 440 3159; x_wconf 89' lang='lat' dir='ltr'><strong>adsoendot</strong></span> <span class='ocrx_word' id='word_1_140' title='bbox 462 3094 586 3160; x_wconf 86' lang='lat' dir='ltr'><strong>damma</strong></span> <span class='ocrx_word' id='word_1_141' title='bbox 606 3094 693 3160; x_wconf 92' lang='lat' dir='ltr'><strong>illius</strong></span> <span class='ocrx_word' id='word_1_142' title='bbox 715 3095 860 3175; x_wconf 81' lang='lat' dir='ltr'><strong>incendii,</strong></span> <span class='ocrx_word' id='word_1_143' title='bbox 887 3115 978 3180; x_wconf 91' lang='lat' dir='ltr'><strong>quem</strong></span> <span class='ocrx_word' id='word_1_144' title='bbox 1007 3096 1047 3161; x_wconf 89' lang='lat' dir='ltr'><strong>ad</strong></span> <span class='ocrx_word' id='word_1_145' title='bbox 1073 3095 1200 3162; x_wconf 90' lang='lat' dir='ltr'><strong>modum</strong></span> <span class='ocrx_word' id='word_1_146' title='bbox 1227 3113 1284 3160; x_wconf 91' lang='lat' dir='ltr'><strong>neo</strong></span> <span class='ocrx_word' id='word_1_147' title='bbox 1310 3093 1393 3158; x_wconf 88' lang='lat' dir='ltr'><strong>unda</strong></span> 
     </span>
     <span class='ocr_line' id='line_1_18' title="bbox 273 3199 1392 3287; baseline -0.001 -22"><span class='ocrx_word' id='word_1_148' title='bbox 273 3199 395 3268; x_wconf 88' lang='lat' dir='ltr'><strong>diluuii.</strong></span> <span class='ocrx_word' id='word_1_149' title='bbox 421 3200 510 3266; x_wconf 81' lang='lat' dir='ltr'><strong>Talia</strong></span> <span class='ocrx_word' id='word_1_150' title='bbox 536 3202 650 3286; x_wconf 92' lang='lat' dir='ltr'><strong>quippe</strong></span> <span class='ocrx_word' id='word_1_151' title='bbox 677 3202 741 3268; x_wconf 92' lang='lat' dir='ltr'><strong>illis</strong></span> <span class='ocrx_word' id='word_1_152' title='bbox 768 3203 893 3267; x_wconf 90' lang='lat' dir='ltr'><strong>inerunt</strong></span> <span class='ocrx_word' id='word_1_153' title='bbox 920 3222 1057 3287; x_wconf 77' lang='lat' dir='ltr'><strong>corpora,</strong></span> <span class='ocrx_word' id='word_1_154' title='bbox 1084 3205 1122 3268; x_wconf 93' lang='lat' dir='ltr'><strong>ut</strong></span> <span class='ocrx_word' id='word_1_155' title='bbox 1147 3201 1213 3267; x_wconf 89' lang='lat' dir='ltr'><strong>illio</strong></span> <span class='ocrx_word' id='word_1_156' title='bbox 1236 3201 1309 3279; x_wconf 76' lang='lat' dir='ltr'><strong>sint,</strong></span> <span class='ocrx_word' id='word_1_157' title='bbox 1336 3200 1392 3265; x_wconf 91' lang='lat' dir='ltr'><strong>ubi</strong></span> 
     </span>
     <span class='ocr_line' id='line_1_19' title="bbox 273 3305 1392 3394; baseline -0.002 -22"><span class='ocrx_word' id='word_1_158' title='bbox 273 3324 342 3372; x_wconf 87' lang='lat' dir='ltr'><strong>esse</strong></span> <span class='ocrx_word' id='word_1_159' title='bbox 367 3305 531 3374; x_wconf 84' lang='lat' dir='ltr'><strong>noluerint</strong></span> <span class='ocrx_word' id='word_1_160' title='bbox 558 3305 618 3373; x_wconf 83' lang='lat' dir='ltr'><strong>Sed</strong></span> <span class='ocrx_word' id='word_1_161' title='bbox 647 3326 703 3373; x_wconf 88' lang='lat' dir='ltr'><strong>neo</strong></span> <span class='ocrx_word' id='word_1_162' title='bbox 729 3308 834 3393; x_wconf 75' lang='lat' dir='ltr'><strong>ignem</strong></span> <span class='ocrx_word' id='word_1_163' title='bbox 861 3308 1110 3394; x_wconf 78' lang='lat' dir='ltr'><strong>conflagrationis</strong></span> <span class='ocrx_word' id='word_1_164' title='bbox 1135 3307 1221 3373; x_wconf 90' lang='lat' dir='ltr'><strong>illius</strong></span> <span class='ocrx_word' id='word_1_165' title='bbox 1247 3306 1392 3390; x_wconf 77' lang='lat' dir='ltr'><strong>pertime-</strong></span> 
     </span>
     <span class='ocr_line' id='line_1_20' title="bbox 273 3411 1391 3497; baseline 0 -20"><span class='ocrx_word' id='word_1_166' title='bbox 273 3412 362 3477; x_wconf 86' lang='lat' dir='ltr'><strong>aoont</strong></span> <span class='ocrx_word' id='word_1_167' title='bbox 381 3411 560 3478; x_wconf 87' lang='lat' dir='ltr'><strong>inmortales</strong></span> <span class='ocrx_word' id='word_1_168' title='bbox 584 3412 684 3496; x_wconf 90' lang='lat' dir='ltr'><strong>adque</strong></span> <span class='ocrx_word' id='word_1_169' title='bbox 705 3414 954 3497; x_wconf 78' lang='lat' dir='ltr'><strong>incorruptibiles</strong></span> <span class='ocrx_word' id='word_1_170' title='bbox 977 3415 1062 3492; x_wconf 80' lang='lat' dir='ltr'><strong>laeti,</strong></span> <span class='ocrx_word' id='word_1_171' title='bbox 1090 3415 1118 3480; x_wconf 86' lang='lat' dir='ltr'><strong>si</strong></span> <span class='ocrx_word' id='word_1_172' title='bbox 1140 3414 1279 3480; x_wconf 89' lang='lat' dir='ltr'><strong>uirorum</strong></span> <span class='ocrx_word' id='word_1_173' title='bbox 1296 3412 1391 3478; x_wconf 85' lang='lat' dir='ltr'><strong>trium</strong></span> 
     </span>
     <span class='ocr_line' id='line_1_21' title="bbox 272 3516 1438 3603; baseline 0.004 -22"><span class='ocrx_word' id='word_1_174' title='bbox 272 3517 485 3601; x_wconf 77' lang='lat' dir='ltr'><strong>corruptibilia</strong></span> <span class='ocrx_word' id='word_1_175' title='bbox 506 3537 633 3602; x_wconf 91' lang='lat' dir='ltr'><strong>oorpora</strong></span> <span class='ocrx_word' id='word_1_176' title='bbox 654 3518 754 3603; x_wconf 89' lang='lat' dir='ltr'><strong>adque</strong></span> <span class='ocrx_word' id='word_1_177' title='bbox 777 3521 921 3586; x_wconf 89' lang='lat' dir='ltr'><strong>mortalia</strong></span> <span class='ocrx_word' id='word_1_178' title='bbox 940 3521 971 3585; x_wconf 94' lang='lat' dir='ltr'><strong>in</strong></span> <span class='ocrx_word' id='word_1_179' title='bbox 996 3521 1115 3587; x_wconf 84' lang='lat' dir='ltr'><strong>camino</strong></span> <span class='ocrx_word' id='word_1_180' title='bbox 1138 3521 1257 3585; x_wconf 87' lang='lat' dir='ltr'><strong>ardenti</strong></span> <span class='ocrx_word' id='word_1_181' title='bbox 1273 3516 1438 3586; x_wconf 71' lang='lat' dir='ltr'><strong>inlaesaao&#39;</strong></span> 
     </span>
     <span class='ocr_line' id='line_1_22' title="bbox 273 3621 580 3705; baseline 0.01 -19"><span class='ocrx_word' id='word_1_182' title='bbox 273 3621 380 3688; x_wconf 84' lang='lat' dir='ltr'><strong>uiuere</strong></span> <span class='ocrx_word' id='word_1_183' title='bbox 402 3628 580 3705; x_wconf 86' lang='lat' dir='ltr'><strong>potuerunt</strong></span> 
     </span>
    </p>
   </div>
   <div class='ocr_carea' id='block_1_3' title="bbox 690 3814 975 3883">
    <p class='ocr_par' dir='ltr' id='par_1_3' title="bbox 690 3814 975 3883">
     <span class='ocr_line' id='line_1_23' title="bbox 690 3814 975 3883; baseline -0.007 0"><span class='ocrx_word' id='word_1_184' title='bbox 690 3814 825 3883; x_wconf 76' lang='lat' dir='ltr'><strong>CAPUT</strong></span> <span class='ocrx_word' id='word_1_185' title='bbox 846 3815 975 3882; x_wconf 82' lang='lat' dir='ltr'><strong>XVIHl.</strong></span> 
     </span>
    </p>
   </div>
   <div class='ocr_carea' id='block_1_4' title="bbox 274 3949 1437 4250">
    <p class='ocr_par' dir='ltr' id='par_1_4' title="bbox 274 3949 1437 4250">
     <span class='ocr_line' id='line_1_24' title="bbox 274 3949 1393 4053; baseline 0.004 -37"><span class='ocrx_word' id='word_1_186' title='bbox 274 3949 374 4030; x_wconf 82' lang='lat' dir='ltr'><strong>Quid</strong></span> <span class='ocrx_word' id='word_1_187' title='bbox 397 3954 610 4035; x_wconf 89' lang='lat' dir='ltr'><strong>apostolus</strong></span> <span class='ocrx_word' id='word_1_188' title='bbox 632 3956 785 4021; x_wconf 88' lang='lat' dir='ltr'><strong>Paulus</strong></span> <span class='ocrx_word' id='word_1_189' title='bbox 809 3956 1250 4053; x_wconf 71' lang='lat' dir='ltr'><strong>Thessalonicensibus</strong></span> <span class='ocrx_word' id='word_1_190' title='bbox 1272 3955 1393 4038; x_wconf 86' lang='lat' dir='ltr'><strong>sonip-</strong></span> 
     </span>
     <span class='ocr_line' id='line_1_25' title="bbox 275 4051 1393 4140; baseline 0.004 -20"><span class='ocrx_word' id='word_1_191' title='bbox 275 4057 380 4122; x_wconf 86' lang='lat' dir='ltr'><strong>serit</strong></span> <span class='ocrx_word' id='word_1_192' title='bbox 411 4058 454 4123; x_wconf 93' lang='lat' dir='ltr'><strong>de</strong></span> <span class='ocrx_word' id='word_1_193' title='bbox 488 4060 821 4127; x_wconf 78' lang='lat' dir='ltr'><strong>manifestatione</strong></span> <span class='ocrx_word' id='word_1_194' title='bbox 854 4051 1113 4140; x_wconf 45' lang='lat' dir='ltr'><strong>Aut‘iobristi,</strong></span> <span class='ocrx_word' id='word_1_195' title='bbox 1150 4061 1267 4126; x_wconf 90' lang='lat' dir='ltr'><strong>ouius</strong></span> <span class='ocrx_word' id='word_1_196' title='bbox 1303 4067 1393 4127; x_wconf 90' lang='lat' dir='ltr'><strong>tem·</strong></span> 
     </span>
     <span class='ocr_line' id='line_1_26' title="bbox 500 4166 1437 4250; baseline 0.006 -19"><span class='ocrx_word' id='word_1_197' title='bbox 500 4185 572 4248; x_wconf 86' lang='lat' dir='ltr'><strong>pue</strong></span> <span class='ocrx_word' id='word_1_198' title='bbox 595 4166 681 4232; x_wconf 89' lang='lat' dir='ltr'><strong>dies</strong></span> <span class='ocrx_word' id='word_1_199' title='bbox 704 4167 863 4233; x_wconf 90' lang='lat' dir='ltr'><strong>Domini</strong></span> <span class='ocrx_word' id='word_1_200' title='bbox 884 4168 1165 4250; x_wconf 86' lang='lat' dir='ltr'><strong>subsequetur.</strong></span> <span class='ocrx_word' id='word_1_201' title='bbox 1410 4198 1437 4237; x_wconf 77' lang='lat' dir='ltr'><strong>n</strong></span> 
     </span>
    </p>
   </div>
   <div class='ocr_carea' id='block_1_5' title="bbox 272 4301 1406 4707">
    <p class='ocr_par' dir='ltr' id='par_1_5' title="bbox 272 4301 1406 4707">
     <span class='ocr_line' id='line_1_27' title="bbox 315 4301 1393 4392; baseline 0.005 -25"><span class='ocrx_word' id='word_1_202' title='bbox 315 4301 434 4369; x_wconf 87' lang='lat' dir='ltr'><strong>Multas</strong></span> <span class='ocrx_word' id='word_1_203' title='bbox 457 4305 653 4390; x_wconf 82' lang='lat' dir='ltr'><strong>euangelioas</strong></span> <span class='ocrx_word' id='word_1_204' title='bbox 677 4307 927 4392; x_wconf 78' lang='lat' dir='ltr'><strong>apostolicasque</strong></span> <span class='ocrx_word' id='word_1_205' title='bbox 951 4308 1119 4375; x_wconf 88' lang='lat' dir='ltr'><strong>sententias</strong></span> <span class='ocrx_word' id='word_1_206' title='bbox 1142 4308 1180 4372; x_wconf 94' lang='lat' dir='ltr'><strong>de</strong></span> <span class='ocrx_word' id='word_1_207' title='bbox 1204 4307 1308 4372; x_wconf 78' lang='lat' dir='ltr'><strong>dirim</strong></span> <span class='ocrx_word' id='word_1_208' title='bbox 1332 4306 1393 4372; x_wconf 89' lang='lat' dir='ltr'><strong>isto</strong></span> 
     </span>
     <span class='ocr_line' id='line_1_28' title="bbox 272 4406 1393 4500; baseline 0.004 -28"><span class='ocrx_word' id='word_1_209' title='bbox 272 4406 388 4473; x_wconf 90' lang='lat' dir='ltr'><strong>indioio</strong></span> <span class='ocrx_word' id='word_1_210' title='bbox 423 4409 595 4476; x_wconf 90' lang='lat' dir='ltr'><strong>nouissimo</strong></span> <span class='ocrx_word' id='word_1_211' title='bbox 633 4413 724 4479; x_wconf 92' lang='lat' dir='ltr'><strong>uideo</strong></span> <span class='ocrx_word' id='word_1_212' title='bbox 760 4414 837 4479; x_wconf 91' lang='lat' dir='ltr'><strong>mihi</strong></span> <span class='ocrx_word' id='word_1_213' title='bbox 873 4433 942 4480; x_wconf 86' lang='lat' dir='ltr'><strong>osse</strong></span> <span class='ocrx_word' id='word_1_214' title='bbox 972 4414 1223 4500; x_wconf 75' lang='lat' dir='ltr'><strong>praetereundas,</strong></span> <span class='ocrx_word' id='word_1_215' title='bbox 1260 4432 1299 4478; x_wconf 87' lang='lat' dir='ltr'><strong>ne</strong></span> <span class='ocrx_word' id='word_1_216' title='bbox 1334 4412 1393 4479; x_wconf 89' lang='lat' dir='ltr'><strong>beo</strong></span> 
     </span>
     <span class='ocr_line' id='line_1_29' title="bbox 273 4513 1394 4604; baseline 0.006 -28"><span class='ocrx_word' id='word_1_217' title='bbox 273 4513 420 4578; x_wconf 89' lang='lat' dir='ltr'><strong>uolumen</strong></span> <span class='ocrx_word' id='word_1_218' title='bbox 459 4514 491 4579; x_wconf 94' lang='lat' dir='ltr'><strong>in</strong></span> <span class='ocrx_word' id='word_1_219' title='bbox 529 4516 655 4583; x_wconf 91' lang='lat' dir='ltr'><strong>nimiam</strong></span> <span class='ocrx_word' id='word_1_220' title='bbox 694 4517 923 4604; x_wconf 82' lang='lat' dir='ltr'><strong>longitudinem</strong></span> <span class='ocrx_word' id='word_1_221' title='bbox 959 4520 1176 4604; x_wconf 80' lang='lat' dir='ltr'><strong>prouolnatur3</strong></span> <span class='ocrx_word' id='word_1_222' title='bbox 1218 4518 1272 4585; x_wconf 85' lang='lat' dir='ltr'><strong>sed</strong></span> <span class='ocrx_word' id='word_1_223' title='bbox 1307 4519 1394 4584; x_wconf 87' lang='lat' dir='ltr'><strong>uallo</strong></span> 
     </span>
     <span class='ocr_line' id='line_1_30' title="bbox 273 4617 1406 4707; baseline 0.005 -26"><span class='ocrx_word' id='word_1_224' title='bbox 273 4617 365 4682; x_wconf 92' lang='lat' dir='ltr'><strong>modo</strong></span> <span class='ocrx_word' id='word_1_225' title='bbox 397 4623 448 4686; x_wconf 88' lang='lat' dir='ltr'><strong>est</strong></span> <span class='ocrx_word' id='word_1_226' title='bbox 477 4622 718 4702; x_wconf 88' lang='lat' dir='ltr'><strong>praetereundus</strong></span> <span class='ocrx_word' id='word_1_227' title='bbox 750 4625 910 4707; x_wconf 88' lang='lat' dir='ltr'><strong>apostolus</strong></span> <span class='ocrx_word' id='word_1_228' title='bbox 942 4626 1070 4703; x_wconf 79' lang='lat' dir='ltr'><strong>Paulae,</strong></span> <span class='ocrx_word' id='word_1_229' title='bbox 1102 4625 1155 4707; x_wconf 88' lang='lat' dir='ltr'><strong>qui</strong></span> <span class='ocrx_word' id='word_1_230' title='bbox 1187 4625 1323 4690; x_wconf 83' lang='lat' dir='ltr'><strong>scribens</strong></span> <span class='ocrx_word' id='word_1_231' title='bbox 1355 4622 1406 4696; x_wconf 91' lang='lat' dir='ltr'><strong>ad</strong></span> 
     </span>
    </p>
   </div>
   <div class='ocr_carea' id='block_1_6' title="bbox 365 4876 580 4942">
    <p class='ocr_par' dir='ltr' id='par_1_6' title="bbox 365 4876 580 4942">
     <span class='ocr_line' id='line_1_31' title="bbox 365 4876 580 4942; baseline 0.014 -10"><span class='ocrx_word' id='word_1_232' title='bbox 365 4876 407 4932; x_wconf 76' lang='lat' dir='ltr'><strong>lo</strong></span> <span class='ocrx_word' id='word_1_233' title='bbox 415 4878 483 4935; x_wconf 82' lang='lat' dir='ltr'><strong>Dan.</strong></span> <span class='ocrx_word' id='word_1_234' title='bbox 502 4878 528 4942; x_wconf 81' lang='lat'><strong>8,</strong></span> <span class='ocrx_word' id='word_1_235' title='bbox 546 4880 580 4935; x_wconf 76' lang='lat'><strong>25</strong></span> 
     </span>
    </p>
   </div>
   <div class='ocr_carea' id='block_1_7' title="bbox 276 4998 1394 5249">
    <p class='ocr_par' dir='ltr' id='par_1_7' title="bbox 276 4998 1394 5249">
     <span class='ocr_line' id='line_1_32' title="bbox 311 4998 1394 5079; baseline 0.006 -26"><span class='ocrx_word' id='word_1_236' title='bbox 311 4998 422 5054; x_wconf 80' lang='lat' dir='ltr'><strong>3diee</strong></span> <span class='ocrx_word' id='word_1_237' title='bbox 476 5001 738 5062; x_wconf 84' lang='lat' dir='ltr'><strong>limandusisteo</strong></span> <span class='ocrx_word' id='word_1_238' title='bbox 786 5008 819 5062; x_wconf 80' lang='lat'><strong>14</strong></span> <span class='ocrx_word' id='word_1_239' title='bbox 838 5008 884 5078; x_wconf 89' lang='lat' dir='ltr'><strong>sit]</strong></span> <span class='ocrx_word' id='word_1_240' title='bbox 905 5009 985 5079; x_wconf 83' lang='lat' dir='ltr'><strong>estp¹</strong></span> <span class='ocrx_word' id='word_1_241' title='bbox 1034 5007 1237 5065; x_wconf 71' lang='lat' dir='ltr'><strong>iterassent</strong></span> <span class='ocrx_word' id='word_1_242' title='bbox 1288 5006 1321 5061; x_wconf 88' lang='lat'><strong>18</strong></span> <span class='ocrx_word' id='word_1_243' title='bbox 1334 5023 1394 5076; x_wconf 83' lang='lat' dir='ltr'><strong>per·</strong></span> 
     </span>
     <span class='ocr_line' id='line_1_33' title="bbox 276 5086 1394 5158; baseline 0.009 -20"><span class='ocrx_word' id='word_1_244' title='bbox 276 5086 478 5144; x_wconf 83' lang='lat' dir='ltr'><strong>timesoerente</strong></span> <span class='ocrx_word' id='word_1_245' title='bbox 554 5091 586 5146; x_wconf 82' lang='lat'><strong>19</strong></span> <span class='ocrx_word' id='word_1_246' title='bbox 604 5092 627 5146; x_wconf 87' lang='lat' dir='ltr'><strong>si</strong></span> <span class='ocrx_word' id='word_1_247' title='bbox 645 5110 721 5158; x_wconf 78' lang='grc' dir='ltr'><strong>ιιιιιι.,·</strong></span> <span class='ocrx_word' id='word_1_248' title='bbox 738 5096 840 5150; x_wconf 88' lang='lat' dir='ltr'><strong>siouto</strong></span> <span class='ocrx_word' id='word_1_249' title='bbox 914 5098 947 5151; x_wconf 83' lang='lat'><strong>20</strong></span> <span class='ocrx_word' id='word_1_250' title='bbox 966 5097 1056 5151; x_wconf 87' lang='lat' dir='ltr'><strong>uiuere</strong></span> <span class='ocrx_word' id='word_1_251' title='bbox 1074 5096 1209 5150; x_wconf 82' lang='lat' dir='ltr'><strong>inlaesae</strong></span> <span class='ocrx_word' id='word_1_252' title='bbox 1280 5096 1313 5150; x_wconf 77' lang='lat'><strong>25</strong></span> <span class='ocrx_word' id='word_1_253' title='bbox 1332 5095 1394 5148; x_wconf 84' lang='lat' dir='ltr'><strong>snb·</strong></span> 
     </span>
     <span class='ocr_line' id='line_1_34' title="bbox 279 5177 1054 5249; baseline 0.014 -21"><span class='ocrx_word' id='word_1_254' title='bbox 279 5177 434 5247; x_wconf 84' lang='lat' dir='ltr'><strong>sequitnrp</strong></span> <span class='ocrx_word' id='word_1_255' title='bbox 486 5179 521 5234; x_wconf 81' lang='lat'><strong>28</strong></span> <span class='ocrx_word' id='word_1_256' title='bbox 538 5180 713 5249; x_wconf 85' lang='lat' dir='ltr'><strong>protendatur</strong></span> <span class='ocrx_word' id='word_1_257' title='bbox 730 5200 749 5236; x_wconf 83' lang='lat' dir='ltr'><strong>a</strong></span> <span class='ocrx_word' id='word_1_258' title='bbox 801 5185 835 5237; x_wconf 79' lang='lat'><strong>29</strong></span> <span class='ocrx_word' id='word_1_259' title='bbox 854 5183 952 5239; x_wconf 84' lang='lat' dir='ltr'><strong>Paulus</strong></span> <span class='ocrx_word' id='word_1_260' title='bbox 969 5201 1019 5241; x_wconf 90' lang='lat' dir='ltr'><strong>om.</strong></span> <span class='ocrx_word' id='word_1_261' title='bbox 1039 5184 1054 5238; x_wconf 88' lang='lat' dir='ltr'><strong>b</strong></span> 
     </span>
    </p>
   </div>
   <div class='ocr_carea' id='block_1_8' title="bbox 0 0 1620 6325">
    <p class='ocr_par' dir='ltr' id='par_1_8' title="bbox 0 0 1620 6325">
     <span class='ocr_line' id='line_1_35' title="bbox 0 0 1620 6325; baseline 0 0"><span class='ocrx_word' id='word_1_262' title='bbox 0 0 1620 6325; x_wconf 95' lang='lat' dir='ltr'><strong> </strong></span> 
     </span>
    </p>
   </div>
  </div>
 </body>
</html>
