3217 6325
280 1294 344 1356 316
612 1290 638 1343 8.
666 1288 819 1343 Aurelii
845 1285 1058 1355 Augustini

282 1481 408 1566 galium.
432 1481 480 1548 ut
506 1479 704 1544 inmisisii
732 1480 768 1541 in
797 1497 899 1541 mare
927 1495 1048 1558 equos
1071 1478 1163 1539 tuos
1186 1473 1405 1538 turbantes

283 1605 402 1667 aquas
431 1586 589 1662 multas,
618 1603 696 1665 quae
724 1583 807 1646 nihii
830 1588 903 1646 sunt
929 1579 1014 1644 aliud
1041 1599 1133 1662 qnam
1162 1579 1272 1661 populi
1294 1578 1404 1651 multi;

280 1690 438 1755 nonenim
458 1690 511 1753 alii
529 1690 640 1754 timore
659 1692 921 1761 conuerterentur‚
940 1687 994 1749 alii
1013 1687 1115 1750 surore
1134 1688 1405 1768 persequerentur,

282 1796 342 1860 nisi
366 1814 473 1859 omnes
496 1793 702 1858 turbarentur.
728 1792 962 1868 Obseruaui,
995 1795 1035 1856 et
1066 1790 1230 1872 expauit
1260 1792 1406 1852 uenter

282 1919 390 1965 mous
425 1920 442 1964 a
473 1919 568 1964 uoce
601 1899 797 1963 orationis
829 1898 1026 1962 labiorum
1059 1915 1248 1968 nreornm3
1282 1897 1321 1958 ot
1353 1894 1405 1958 in·
1436 1918 1449 1956 s

181 2033 186 2040 ·
282 2005 403 2069 troiit
433 2011 579 2069 tremor
609 2006 646 2067 in
680 2023 770 2068 ossa
797 2006 950 2079 meast
980 2003 1127 2065 subtus
1155 2018 1211 2066 me
1239 2000 1406 2064 turbata

282 2115 344 2174 est
376 2109 569 2174 habitudo
601 2128 692 2172 mea.
723 2107 862 2173 Intendit
888 2108 918 2171 in
947 2126 992 2183 ea,
1016 2125 1094 2189 quae
1123 2106 1256 2184 dicebat,
1281 2106 1407 2186 etipsa

281 2235 340 2280 sua
362 2220 411 2280 est
438 2214 574 2279 oratione
601 2214 793 2296 perterritus,
818 2232 911 2295 quam
938 2212 1118 2294 prophetice
1146 2212 1297 2277 fundebat
1318 2213 1350 2275 et
1373 2211 1405 2273 in

283 2340 345 2403 qua
366 2321 471 2384 futura
494 2320 650 2391 comebat;
674 2317 808 2381 turbatis
828 2318 908 2381 enim
931 2319 1056 2400 populis
1080 2319 1189 2382 mullis
1213 2318 1294 2381 uidit
1315 2315 1404 2379 inmi-

283 2429 389 2489 nentes
413 2423 562 2487 ecclesiae
585 2422 816 2497 tribulationem
845 2423 1053 2503 continuoque
1081 2441 1114 2486 se
1137 2421 1313 2486 membrum
1335 2419 1405 2483 eius
1424 2447 1449 2485 10

283 2530 413 2612 agnouit
435 2528 535 2610 adque
558 2528 613 2591 ait:
646 2526 907 2608 Requiesoam
938 2526 975 2589 in
1008 2525 1070 2589 die
1102 2524 1404 2589 tribulationis.

281 2639 439 2715 tamquam
464 2633 502 2697 ad
526 2652 578 2696 eos
601 2632 767 2714 pertinens,
791 2631 846 2713 qui
868 2636 943 2695 sunt
965 2650 1020 2713 spe
1044 2631 1227 2713 gaudentes,
1251 2629 1282 2694 iu
1306 2631 1405 2695 tribu-

281 2740 396 2803 latione
432 2739 595 2821 patientes.
630 2736 680 2801 Ut
711 2735 960 2814 adscendam,
991 2737 1103 2818 inquit,
1136 2735 1181 2800 ad
1213 2736 1403 2819 populum

281 2843 627 2927 peregrinationis
650 2862 767 2921 meae,
790 2842 937 2906 recedens
961 2843 1070 2924 utique
1090 2861 1108 2906 a
1125 2843 1243 2924 populo
1266 2842 1403 2926 maligno

282 2949 411 3014 carnabs
440 2948 633 3031 cognationis
661 2967 746 3022 suae,
774 2966 834 3011 non
861 2947 1075 3031 peregrinante
1102 2948 1133 3010 in
1162 2949 1220 3012 bac
1242 2951 1448 3012 terraneos

282 3073 446 3136 supernam
469 3053 601 3135 patriam
624 3054 810 3136 requirente.
835 3050 1027 3131 Quoniam
1054 3054 1172 3131 fieus,
1194 3053 1307 3136 inquit,
1330 3071 1403 3117 non

282 3159 440 3225 adferet
457 3159 627 3237 fruetus,
647 3164 686 3223 et
703 3179 775 3224 non
794 3162 912 3223 erunt
929 3158 1176 3225 natiuitates
1194 3159 1232 3224 in
1252 3158 1402 3233 uineis:

282 3265 505 3328 mentietur
524 3284 620 3347 opus
640 3264 783 3341 oliuae,
799 3269 836 3328 et
855 3265 982 3347 campi
1003 3284 1075 3329 non
1094 3266 1248 3330 facient
1265 3284 1405 3330 eseam.

282 3368 529 3434 Defecerant
564 3369 608 3434 ab
647 3389 739 3435 esoa
775 3388 880 3446 oues,
917 3376 955 3433 et
991 3389 1063 3434 non
1105 3374 1327 3454 supersunt
1366 3373 1403 3434 in

282 3475 546 3557 praesepibus
578 3476 711 3541 boues.
745 3475 832 3540 Vidit
864 3495 931 3540 eam
964 3480 1100 3559 gentem,
1132 3495 1211 3558 quae
1244 3476 1448 3544 Christum»

282 3582 383 3644 fuerat
413 3581 564 3656 occisura,
587 3582 760 3646 ubertatem
794 3583 952 3662 copiamm
984 3581 1172 3663 spiritalium
1202 3581 1403 3664 perdituram,

282 3704 358 3766 quas
389 3705 445 3768 per
475 3690 625 3751 terrenam
658 3686 881 3751 fecunditatem
913 3705 998 3750 more
1028 3687 1209 3769 prophetico
1245 3687 1403 3770 figurauit

282 3791 323 3854 ut
349 3791 422 3872 quia
448 3790 525 3854 iram
552 3791 610 3854 Dei
636 3791 732 3855 talem
759 3795 922 3873 propterea
948 3810 1041 3873 passa
1068 3796 1117 3856 est
1142 3793 1197 3856 illa
1219 3811 1307 3875 gens,
1330 3792 1405 3874 qnia

282 3895 428 3979 ignoraus
451 3896 509 3961 Dei
532 3896 685 3961 iustitiam
709 3915 799 3960 suam
822 3896 925 3961 uoluit
943 3896 1142 3975 constituere,
1162 3897 1222 3962 isto
1240 3898 1402 3962 continuo:

284 4001 363 4083 Ego
388 4006 527 4078 autem,
551 4001 662 4083 inquit,
686 4002 723 4065 in
749 4001 913 4065 Domino
938 4001 1137 4077 exultabo,
1161 4002 1341 4086 gaudebo
1365 4003 1402 4066 in
1419 4028 1447 4071 as

285 4106 362 4170 Deo
387 4106 559 4171 salutari
581 4126 672 4171 meo.
691 4107 882 4170 Dominus
901 4107 1006 4171 Deus
1025 4126 1133 4171 meus
1152 4109 1286 4172 uirtus
1309 4126 1402 4184 moa,

284 4213 434 4278 statuit
455 4213 574 4296 pedes
594 4233 698 4278 meos
717 4215 755 4277 in
780 4216 1182 4289 consummationem
1207 4233 1325 4296 super
1347 4232 1402 4277 er·

283 4318 393 4383 celsa
423 4319 589 4400 inponet
619 4339 685 4395 me,
713 4323 757 4382 nt
788 4321 942 4384 uincam
972 4322 1009 4384 in
1039 4321 1197 4384 cantico
1227 4320 1323 4393 eius,
1345 4318 1401 4383 illo

283 4422 404 4487 scilicet
427 4422 557 4501 cantico,
582 4421 619 4486 de
643 4441 702 4503 qno
727 4424 843 4487 similia
865 4425 1016 4506 quaedam
1041 4425 1186 4489 dicuntur
1206 4425 1237 4488 in
1264 4425 1401 4506 psalmo:

373 4666 385 4717 1
407 4664 445 4717 Io.
466 4665 505 4729 19,
525 4665 558 4717 38
614 4664 646 4717 13
664 4664 739 4717 Rom.
760 4666 800 4727 12,
822 4667 854 4719 12
907 4665 1114 4728 strumbeca,
1135 4667 1166 4719 16
1186 4683 1225 4734 sq.

317 4789 334 4840 b
352 4786 476 4840 introinit
493 4803 556 4854 epo
616 4785 633 4838 8
651 4802 724 4849 suae,
742 4787 840 4841 omisso
858 4791 900 4841 est
919 4792 978 4852 (sua
996 4795 1010 4841 e
1028 4789 1063 4854 b,
1082 4806 1096 4841 c
1160 4789 1191 4841 13
1209 4789 1346 4858 pacientes
1364 4805 1403 4859 ep

283 4874 317 4928 ad
332 4892 385 4944 pp,
407 4875 538 4942 inorarp.
557 4890 583 4938 e;
601 4874 628 4926 in
647 4873 739 4927 relic
793 4876 825 4929 15
844 4891 963 4944 nequeo
1023 4878 1053 4929 17
1073 4875 1205 4930 auferete
1257 4878 1288 4929 21
1309 4879 1400 4947 cupia-

283 4977 371 5016 rume
415 4960 655 5029 ltlleiignore
699 4962 975 5030 septiminum
1017 4964 1403 5033 2lstatuitabepppaf,·

284 5053 421 5104 stutuetu
473 5049 508 5102 28
526 5049 635 5117 inponet
653 5048 846 5118 ub²eppav,·
862 5050 968 5119 inponit
985 5050 1026 5116 b¹;
1045 5053 1142 5105 statuit
1160 5070 1173 5120 ρ
1191 5052 1287 5105 Demb.
1359 5052 1399 5119 ut]

283 5142 342 5194 eso
411 5136 467 5191 scil.
486 5137 533 5189 illo
551 5154 566 5190 o
