3217 6325
231 1335 295 1399 300
556 1338 584 1392 8.
611 1337 766 1391 Aurelii
793 1334 1011 1405 Augustini

229 1525 325 1608 spinis
347 1530 500 1593 coronasti
523 1533 556 1592 et
577 1529 735 1594 borridum
756 1529 800 1593 iel
817 1527 984 1592 miscuisti
1007 1525 1130 1607 Templi
1146 1544 1222 1589 uero
1242 1524 1352 1588 uelum

229 1630 397 1707 scindetur;
431 1637 463 1696 et
493 1635 595 1698 medio
622 1634 672 1698 die
699 1654 757 1697 uox
783 1635 843 1697 erit
868 1632 1033 1696 tenebrosa
1062 1631 1157 1694 uimis
1182 1631 1216 1694 iu
1246 1629 1352 1694 trihus

229 1733 322 1799 horis.
348 1736 390 1799 Rt
414 1742 514 1802 morte
541 1742 691 1803 morietur
715 1740 816 1803 tribus
844 1738 954 1801 diebus
980 1756 1089 1801 somno
1120 1740 1284 1818 suscepto3
1318 1737 1375 1798 et'

228 1841 301 1904 tunc
323 1841 361 1905 ab
384 1843 489 1907 inieris
510 1863 672 1927 regressus
695 1845 734 1907 ad
756 1845 859 1908 lucem
881 1844 988 1906 ueniet
1008 1842 1128 1924 primus
1149 1841 1351 1905 resurrectio

229 1943 278 2007 uis
304 1945 452 2027 principio
478 1949 633 2012 reuocatis
661 1949 811 2014 ostenso?
835 1949 901 2011 Ista
927 1946 1109 2011 lactantius
1135 1947 1269 2027 carptim
1294 1965 1352 2029 per
1380 1968 1394 2007 s

228 2046 390 2113 interualla
411 2051 631 2132 disputationis
650 2072 735 2128 suae,
754 2053 838 2117 ment
854 2071 891 2115 ea
906 2071 1035 2134 poscere
1052 2051 1251 2129 uidebantur,
1269 2070 1351 2133 quae

230 2152 357 2233 probare
387 2155 570 2233 intenderat,
601 2157 745 2222 adhibuit
774 2158 956 2221 testimonia
986 2156 1149 2240 Sibyllina,
1180 2175 1261 2238 quas
1291 2174 1350 2220 uos

229 2255 307 2320 nihil
328 2257 565 2340 interponentes,
588 2262 642 2326 sed
665 2264 696 2327 iu
718 2282 812 2327 uuam
835 2264 947 2327 seriem
970 2281 1083 2327 conexa
1101 2266 1253 2345 ponentes
1271 2261 1350 2326 solis

230 2361 392 2441 capitibus,
415 2364 443 2427 si
465 2368 566 2430 minen
590 2369 755 2449 scriptores
782 2368 927 2450 deinceps
955 2387 992 2431 ca
1013 2386 1138 2432 seruare
1160 2386 1221 2431 uon
1243 2366 1350 2450 negle

229 2468 313 2545 gant,
336 2466 553 2551 distinguenda
578 2473 766 2536 curauimus.
793 2473 943 2537 Nonnulli
970 2490 1044 2537 saue
1069 2472 1272 2554 uquam
1299 2470 1347 2536 Si·
1366 2498 1391 2537 o

229 2565 343 2736 hyllum
375 2589 434 2635 nou
461 2572 596 2651 Romuli,
623 2578 678 2641 sed
704 2577 779 2641 belli
806 2578 929 2641 Troiani
955 2582 1096 2660 tempore
1123 2576 1221 2640 luisse
1248 2577 1347 2659 scrip

229 2687 318 2734 serun
336 2721 344 2736 .

642 2854 775 2924 CAPUT
796 2856 925 2920 XXIIlL

230 2962 338 3062 Quod
368 2980 561 3057 regnante
591 2977 754 3043 Romulo
787 2982 938 3060 septem
975 2978 1180 3059 sapientes
1217 2979 1343 3042 claru-

229 3072 343 3152 erint,
384 3098 456 3160 quo
497 3085 671 3166 ternpore
711 3084 842 3148 decem
884 3082 1032 3156 tribus,
1073 3100 1170 3165 quae
1210 3082 1386 3147 Israelis

229 3175 475 3264 dicebantur,
512 3188 549 3252 iu
586 3190 867 3272 captiuitatem
899 3207 917 3251 a
948 3186 1162 3252 Chaldaeis
1194 3187 1339 3252 ductae

228 3290 329 3367 sunt,
364 3289 544 3376 idemque
576 3294 765 3359 Romulus
800 3297 980 3358 mortuus
1016 3290 1152 3356 diuino
1190 3291 1338 3356 honoro

645 3399 815 3464 donatus
839 3402 908 3463 est

267 3516 384 3584 Rodem
407 3521 538 3589 Romulo
561 3527 704 3608 regnante
726 3523 838 3586 Thales
861 3519 1004 3584 Milesius
1026 3519 1124 3584 fuisse
1146 3516 1328 3599 perbihetur

224 3642 306 3689 uuus
337 3645 353 3690 e
384 3634 503 3712 septem
535 3628 735 3711 sapientibus,
768 3628 821 3708 qui
852 3630 924 3708 post
958 3624 1121 3707 theologos
1152 3626 1272 3704 poetas,
1304 3623 1336 3685 iu
1355 3644 1382 3682 a

226 3731 338 3813 quihus
353 3731 494 3817 Orpbeus
508 3735 638 3799 maxime
657 3733 794 3797 omnium
812 3731 992 3795 nobilitatus
1011 3731 1069 3804 est,
1084 3727 1171 3810 copul
1188 3727 1337 3808 appellati

226 3842 308 3917 suut,
331 3839 413 3922 quod
435 3846 484 3906 est
505 3840 612 3904 Latine
637 3838 799 3920 sapientes.
822 3834 985 3899 Paridem
1007 3837 1131 3913 tempus
1154 3831 1260 3895 decem
1282 3831 1337 3895 tti-

225 3945 294 4022 bus,
317 3946 447 4028 quaein
472 3945 623 4009 diuisione
649 3942 755 4024 populi
784 3945 911 4004 irocatae
939 3940 1012 4002 sunt
1034 3937 1140 4010 Israel,
1163 3935 1337 4000 debellatae

225 4071 246 4117 a
257 4051 419 4119 Chaldaeis
437 4056 468 4116 et
485 4053 515 4115 in
535 4069 586 4114 eas
605 4053 701 4116 terras
720 4046 860 4128 captiuae
879 4045 989 4107 ductae
1007 4047 1089 4115 sunt,
1106 4040 1336 4131 remanentibus

224 4158 254 4223 iu
286 4160 400 4224 Iudaea
429 4163 509 4222 tarra
540 4155 658 4219 duabus
689 4153 752 4217 illis
788 4149 941 4220 tribubus,
973 4165 1051 4229 quae
1087 4146 1207 4210 nemine
1238 4145 1379 4210 Iudaeas

225 4265 413 4330 uocabantur
444 4263 610 4343 sedemque
642 4259 726 4342 regui
757 4257 911 4320 habebant
938 4253 1143 4319 Hierusalem.
1173 4251 1335 4316 Mortuum

225 4369 401 4445 Romulum,
425 4387 495 4432 cum
527 4371 558 4430 et
588 4365 656 4446 ipse
688 4383 746 4427 unu
778 4361 999 4442 conparuisset,
1023 4360 1053 4421 iu
1085 4357 1171 4433 deos,
1193 4355 1278 4438 quod
1304 4361 1337 4420 st

225 4474 320 4557 uulgo
353 4473 548 4540 notissimum
580 4475 638 4545 est,
666 4469 813 4532 rettulere
839 4464 981 4539 Romanu
1014 4461 1096 4544 quod
1127 4480 1226 4543 usqua
1258 4460 1344 4525 adeo·

225 4579 291 4643 lieri
304 4579 364 4643 iam
379 4579 511 4643 desierat
522 4581 590 4657 (nec
604 4578 713 4656 postea
728 4572 786 4635 nisi
804 4569 965 4645 adulando,
984 4587 1043 4633 non
1062 4566 1198 4643 errando,
1216 4567 1336 4630 factum

227 4688 273 4748 est
295 4683 484 4765 temporibus
503 4677 693 4762 Caesarum),
717 4680 752 4740 ut
770 4676 876 4740 Cicero
899 4673 1018 4757 maguis
1041 4671 1168 4736 Romuli
1188 4669 1336 4736 laudibus
1354 4694 1379 4735 ao

226 4789 351 4864 tribuat,
383 4787 464 4871 quod
496 4804 553 4848 uon
585 4783 713 4848 rudibus
746 4785 776 4845 et
807 4779 940 4843 indoctis
978 4777 1180 4860 temporibus,
1212 4776 1334 4858 quaudo

313 4959 344 5012 Rl
365 4959 396 5011 cl.
414 4957 483 5011 iufra
499 4954 582 5016 xxn,
601 4956 618 5007 6
721 4994 726 5003 .

263 5081 324 5145 Rip
342 5080 458 5134 medice
527 5079 554 5131 iu
573 5077 633 5130 trib.
652 5077 724 5129 horis
741 5092 791 5129 om.
805 5092 827 5142 p
880 5074 1069 5126 8eouexame
1119 5071 1151 5123 10
1170 5070 1335 5158 eritheamo

226 5197 258 5252 21
279 5151 428 5266 Roppbym,
446 5209 479 5247 er.
498 5196 517 5246 2
534 5207 642 5253 come
703 5191 736 5243 25
754 5191 780 5242 iu
798 5189 919 5242 iudaeam
937 5204 951 5241 c
1011 5185 1045 5240 30
1063 5190 1098 5250 et,
1115 5186 1145 5237 ἐκ
1163 5165 1304 5253 murosut,
1322 5201 1337 5238 e
