3217 6325
562 1311 590 1366 S.
615 1310 766 1363 Aurelii
793 1310 1004 1379 Augustini

622 1500 755 1566 CAPUT
778 1501 951 1565 XXXVHI.

227 1639 336 1719 Quod
369 1642 556 1723 quaedam
589 1647 814 1706 sauctorum
847 1642 1000 1723 scripta
1030 1642 1350 1707 ecclesiasticus

227 1765 348 1811 canon
381 1750 544 1831 propter
571 1747 726 1811 nimiam
756 1766 828 1811 non
857 1747 1058 1830 receperit
1084 1750 1350 1827 uetustatem,

226 1870 271 1915 ne
294 1871 360 1933 per
384 1852 633 1917 occasionem
657 1872 788 1917 eorum
811 1853 915 1916 falsa
933 1852 1040 1917 ueris
1060 1852 1349 1917 insererentur.

268 1993 334 2056 Iam
358 2012 431 2062 uero
456 1994 482 2058 si
504 1995 595 2077 longe
619 1993 792 2075 antiquiora
813 1998 959 2076 repetam,
983 1997 1015 2057 et
1037 1996 1108 2058 ante
1129 1993 1211 2057 illud
1229 1994 1348 2077 mnus
1376 2015 1390 2053 e

225 2098 381 2162 diluuium
403 2103 508 2163 noster
531 2104 595 2163 erat
618 2100 724 2180 utique
746 2088 814 2163 Noe
836 2099 1019 2181 patriarcha,
1049 2118 1141 2180 quem
1163 2099 1347 2181 prophetam

226 2222 349 2284 quoque
381 2222 440 2267 non
471 2204 613 2268 inmerito
645 2204 785 2278 dixerim3
824 2204 851 2267 si
884 2204 1009 2284 quidem
1039 2204 1110 2286 ipsa
1140 2222 1220 2282 arca,
1253 2223 1347 2286 quam

225 2309 301 2373 fecit
327 2312 358 2372 et
387 2309 417 2372 in
441 2330 502 2391 qua
524 2329 595 2374 cnm
619 2310 684 2374 suis
708 2310 819 2386 euasit,
843 2309 1012 2393 prophetia
1028 2314 1204 2374 nostrorum
1227 2312 1348 2392 tompo-

225 2433 293 2477 rum
326 2413 395 2478 fuit
427 2412 508 2492 Quid
540 2415 644 2479 Enoch
677 2416 831 2498 septimus
859 2415 896 2477 ab
924 2414 1034 2489 Adam,
1066 2433 1165 2478 nonne
1193 2415 1288 2479 etiam
1315 2415 1347 2479 in

226 2519 373 2584 canonica
412 2520 547 2602 epistula
587 2521 719 2602 apostoli
756 2520 850 2583 Iudae
890 2519 1094 2601 prophetasse
1128 2518 1391 2602 praedicaturis

227 2621 366 2701 Quorum
397 2627 512 2709 scripta
542 2629 578 2690 ut
604 2628 681 2707 aput
705 2624 837 2690 Inulaeos
865 2629 897 2688 et
923 2628 999 2707 aput
1027 2643 1084 2689 nos
1106 2624 1138 2688 in
1161 2624 1348 2689 auctoritate

226 2749 286 2793 non
313 2734 428 2809 essent,
459 2732 556 2796 nimia
580 2731 655 2795 fecit
681 2731 861 2813 antiquitas,
888 2734 1016 2814 propter
1042 2749 1135 2812 quam
1161 2729 1349 2796 uidebantur

226 2834 367 2900 habenda
394 2855 462 2901 esse
490 2841 644 2920 suspecta,
671 2856 710 2901 ne
733 2838 943 2920 proferrentur
969 2836 1048 2900 falsa
1070 2854 1125 2918 pro
1148 2835 1241 2899 ueris
1266 2833 1349 2899 Nam

228 2947 261 3006 et
293 2942 491 3028 profemntur
517 2942 668 3026 quaedam
695 2961 774 3025 quae
800 2943 941 3025 ipsorum
969 2960 1037 3006 esse
1065 2940 1207 3005 dicantur
1229 2940 1267 3004 ab
1290 2941 1348 3018 eis,

227 3054 281 3132 qui
303 3068 358 3132 pro
382 3067 438 3115 suo
461 3068 554 3114 sensu
577 3050 695 3132 passim
718 3048 801 3130 quod
823 3050 936 3113 uolunt
957 3047 1097 3112 credunt.
1122 3044 1182 3111 Sed
1201 3064 1239 3110 ea
1255 3047 1348 3111 casti·
1366 3067 1390 3107 rs

226 3157 276 3220 tas
299 3154 424 3220 canonis
450 3174 509 3219 uon
533 3156 659 3238 recepit,
687 3174 747 3220 non
771 3153 856 3237 quod
878 3172 984 3218 eorum
1008 3152 1180 3229 hominum,
1204 3150 1260 3232 qui
1282 3150 1348 3216 Deo

226 3262 417 3344 placuemut,
453 3263 633 3341 reprobetur
668 3260 848 3337 auctoritas,
885 3259 940 3324 sed
976 3258 1059 3340 qnod
1094 3258 1157 3322 ista
1192 3276 1348 3322 essenon

228 3366 392 3433 credantur
416 3367 565 3448 ipsorum.
593 3365 659 3430 Nec
686 3365 798 3430 mirum
827 3366 921 3430 debet
946 3365 1055 3438 uideri,
1088 3363 1170 3444 quod
1201 3367 1350 3445 suspecta

227 3471 389 3547 habentur,
421 3490 500 3553 qnae
531 3471 589 3536 sub
620 3474 725 3536 tantae
756 3471 952 3554 antiquitatis
983 3469 1108 3535 nomine
1136 3468 1348 3550 proferuntur3

228 3577 350 3659 quando
374 3577 498 3659 quidem
520 3578 551 3643 in
574 3577 645 3660 ipsa
665 3577 797 3642 historia
818 3596 929 3662 regum
954 3576 1033 3642 Iuda
1056 3579 1088 3640 et
1108 3593 1216 3659 regum
1238 3573 1348 3651 Israel,
1367 3597 1392 3637 oo

228 3702 306 3765 quae
333 3703 381 3748 res
409 3688 513 3768 gestas
540 3685 688 3761 continet,
716 3684 753 3748 de
780 3685 895 3767 quibus
928 3683 1026 3750 eidem
1059 3682 1229 3764 scripturae
1259 3698 1349 3744 cano-

228 3789 314 3852 nicae
337 3791 502 3871 credimus,
530 3795 811 3857 commemorantur
833 3791 976 3875 plurima,
1005 3808 1084 3872 quae
1104 3788 1147 3852 ibi
1170 3805 1230 3850 non
1254 3785 1348 3869 expli·

229 3901 338 3959 cantur
370 3901 401 3960 et
430 3897 461 3961 in
492 3897 582 3964 libris
614 3899 759 3963 dicuutur
794 3897 865 3959 aliis
896 3895 1038 3970 inueniri,
1071 3913 1149 3975 quos
1179 3892 1348 3976 prophetae

230 4001 429 4084 scripserunt,
466 4006 497 4065 et
531 4003 648 4066 alicubi
680 4020 784 4065 eorum
817 4015 940 4077 quoque
971 3997 1193 4075 prophetarum
1223 3998 1349 4063 nomina

230 4125 289 4170 uon
313 4113 465 4179 tacentum
488 4120 543 4165 nac
567 4108 669 4167 tamon
694 4101 894 4165 inueniuntur
914 4099 945 4159 in
969 4115 1094 4176 canone,
1120 4121 1212 4182 quem
1229 4105 1390 4186 recepitne

229 4213 364 4293 populus
396 4210 461 4275 Dei.
494 4204 592 4271 Ouium
623 4207 677 4281 rei,
708 4206 815 4276 fateor,
846 4217 940 4263 causa
971 4220 1021 4264 me
1052 4204 1138 4282 latet,
1172 4209 1233 4272 nisi
1264 4209 1348 4290 quod

230 4318 372 4380 existimo
393 4316 485 4377 etiam
508 4307 604 4389 ipsos,
627 4307 739 4390 quibus
763 4323 807 4380 ea,
831 4305 959 4383 quaein
979 4311 1164 4376 auctoritate
1185 4314 1346 4398 religionis

230 4438 301 4485 esse
330 4418 484 4491 dement,
514 4415 640 4476 sanctus
670 4409 778 4489 ntique
810 4406 946 4491 Spiritus
978 4416 1147 4495 nunciabat,
1174 4419 1236 4482 alia
1264 4419 1347 4484 sieut

230 4525 369 4591 homines
394 4515 542 4582 historioo
567 4512 737 4596 diligentia,
761 4512 823 4577 alia
849 4514 932 4580 sieut
953 4520 1118 4602 prophetas
1141 4524 1345 4605 inspiratione

314 4744 349 4796 24
367 4738 390 4793 i.
407 4732 504 4791 cumn.
522 4735 565 4798 29,
583 4734 628 4797 29;
648 4735 673 4788 2.
693 4731 788 4790 Chron.
808 4739 832 4799 9,
852 4740 885 4792 29

264 4860 426 4931 gmpppep
477 4857 497 4910 4
512 4856 615 4910 buccas.
632 4859 676 4927 pf
740 4861 921 4922 mitcerentur.
940 4866 971 4917 ia
988 4883 1072 4935 marp.
1090 4869 1103 4919 i
1121 4868 1342 4940 insererentur,p

229 4948 453 5013 ensentium
493 4944 600 4999 Satin
620 4949 990 5019 quaobcppfmetom.
1010 4954 1175 5022 p¹aDomb
1216 4960 1343 5029 9enoop

231 5040 263 5091 la
281 5032 327 5089 sub
343 5028 448 5098 ecus]
467 5030 649 5123 substantioe
713 5039 824 5129 23aliis
843 5041 956 5093 inueniri
975 5043 1130 5102 dicuutnru
1183 5047 1217 5097 24
1235 5049 1340 5117 scrips]

225 5146 379 5210 ‘theme
429 5131 583 5226 miteque,
601 5159 632 5212 in
649 5177 733 5229 mare.
747 5140 853 5231 utique,
871 5180 885 5216 e
