3217 6325
222 1215 285 1277 600
556 1210 582 1263 S.
610 1209 762 1263 Aurelii
790 1208 1001 1278 Augustini

223 1399 290 1464 sius
327 1399 513 1465 consolando
550 1397 740 1481 erigentibus
777 1397 816 1462 od
850 1415 961 1461 manus
993 1398 1109 1462 secturi
1138 1400 1280 1465 membra
1310 1402 1343 1464 iu

222 1506 338 1569 lectulo
371 1508 594 1588 conponuntur,
627 1505 792 1568 soluuntur
820 1503 893 1567 nodi
923 1502 1174 1586 ligamentorum,
1205 1506 1346 1571 nudatur

223 1611 321 1684 locus,
359 1609 483 1690 inspicit
511 1608 649 1672 medicus
681 1612 713 1671 et
748 1606 914 1671 secandum
945 1607 1035 1673 illum
1068 1609 1171 1673 sinum
1202 1614 1345 1676 muratus

224 1714 323 1797 adque
346 1714 483 1778 intentus
505 1714 644 1795 inquirit.
668 1713 830 1778 Scrutatur
853 1713 953 1777 oculis
971 1713 1140 1798 digitisque
1159 1719 1344 1793 contrectat,

224 1824 325 1885 tentat
343 1820 475 1902 denique
493 1820 593 1885 modis
613 1820 770 1883 omnibus:
790 1818 911 1883 inuenit
927 1818 1137 1884 firmissimam
1156 1820 1346 1888 cicatricem.
1375 1846 1390 1886 ι

225 1928 291 1991 Iam
314 1926 434 1990 laetitia
455 1925 509 1989 illa
532 1929 563 1989 et
585 1927 654 1989 laus
677 1924 777 2007 adque
801 1925 969 2008 gratiarum
993 1926 1075 1991 actio
1096 1927 1290 1992 misericordi
1313 1936 1346 1992 et

226 2029 429 2115 omnipotenti
459 2032 536 2107 Deo,
569 2051 647 2115 quae
678 2032 749 2096 tusa
780 2035 829 2096 est
856 2050 908 2095 ore
938 2032 1076 2096 omnium
1106 2033 1346 2099 lacrimantibus

227 2138 358 2221 gaudiis,
390 2159 448 2203 nou
481 2141 530 2203 est
556 2137 775 2202 committenda
800 2138 880 2202 meis
907 2138 1027 2208 uerbis:
1060 2139 1216 2223 cogitetur
1236 2140 1346 2223 potius

226 2263 319 2326 quam
342 2244 470 2309 dicatur.

270 2350 305 2413 ln
332 2350 438 2414 eadem
467 2349 649 2433 Cartbagine
677 2350 867 2426 Innocentis,
895 2350 1131 2433 religiosissima
1158 2350 1284 2425 femina,
1307 2351 1348 2415 de
1366 2376 1392 2413 ιι

227 2456 380 2538 primariis
402 2455 500 2538 ipsius
529 2456 676 2533 ciuitatis,
699 2456 729 2519 in
761 2456 901 2520 mamilla
927 2474 1072 2520 canorum
1104 2455 1248 2531 babebat,
1271 2475 1349 2532 rem,

228 2561 311 2625 sicut
332 2560 444 2625 medici
467 2560 584 2638 dicunt,
608 2562 703 2626 nullis
726 2560 963 2625 medicamentis
986 2561 1166 2626 sanabilem.
1189 2566 1257 2626 Aut
1273 2581 1348 2645 ergo

227 2665 362 2748 praecidi
392 2668 472 2731 solet
499 2670 532 2731 et
557 2685 575 2730 a
601 2685 727 2747 corpore
754 2667 888 2749 separari
916 2667 1088 2731 membrum
1115 2667 1169 2731 ubi
1196 2667 1349 2743 nascitur,

228 2777 291 2848 ant,
329 2775 364 2835 ut
399 2772 557 2855 aliquanto
593 2772 713 2837 diutius
749 2773 841 2838 homo
872 2774 969 2848 uiuat,
1006 2776 1108 2837 tameo
1145 2771 1216 2837 inde
1246 2779 1349 2838 morte

230 2879 400 2960 quamlibet
425 2879 543 2943 tardius
570 2880 724 2957 adfuturo,
756 2880 926 2945 secundum
953 2880 1154 2963 Hippocratis
1181 2883 1218 2943 ut
1244 2879 1350 2944 ferunt
1367 2900 1393 2941 u

230 2985 413 3050 sententiam
445 2985 544 3049 omnis
576 2989 625 3049 est
656 2986 828 3050 omittenda
855 2985 984 3051 curatio.
1015 2986 1084 3051 Hoc
1112 2986 1168 3050 illa
1197 3006 1216 3050 a
1246 2987 1349 3068 perito

231 3091 349 3156 medico
377 3095 408 3155 et
434 3110 508 3155 suae
535 3091 640 3158 domui
667 3092 910 3157 familiarissimo
937 3097 1098 3175 acceperat
1123 3091 1216 3157 etad
1243 3093 1350 3157 solum

230 3199 332 3263 Deum
363 3219 397 3263 se
423 3199 535 3264 orando
564 3203 765 3265 conuerterat.
797 3199 991 3264 Admonetur
1017 3199 1048 3264 iu
1077 3199 1193 3263 somnis
1224 3201 1350 3281 propin·

230 3309 344 3388 quante
372 3305 502 3382 Pascha,
533 3307 627 3369 utin
654 3310 741 3388 parte
766 3306 950 3370 teminorum
978 3305 1156 3370 obseruanti
1183 3304 1223 3369 ad
1250 3305 1350 3387 bapti-

232 3412 371 3489 sterium,
393 3430 604 3495 quaecumque
627 3411 674 3475 illi
697 3411 853 3493 baptizata
870 3411 1015 3493 primitus
1035 3411 1229 3487 occurrisset,
1247 3411 1350 3494 signa-
1367 3432 1395 3476 ιο

231 3523 279 3581 ret
302 3517 330 3581 ei
351 3518 454 3583 locum
478 3518 567 3602 signo
590 3516 713 3582 Christi.
735 3517 833 3596 Fecit,
857 3518 1020 3583 confestim
1044 3518 1159 3581 sanitas
1181 3525 1351 3582 consecuta

232 3625 290 3687 est.
312 3623 452 3695 Medicus
475 3641 557 3699 sane,
577 3622 630 3706 qui
652 3623 681 3687 ei
704 3623 821 3688 dixerat
839 3626 876 3686 ut
897 3622 974 3687 nibil
992 3623 1161 3686 curationis
1178 3621 1351 3697 adhiberet,

234 3729 260 3793 si
283 3731 376 3813 paulo
399 3728 517 3793 diutius
539 3729 636 3793 uellet
658 3729 775 3809 uiuere,
799 3748 871 3793 curn
892 3729 1079 3811 inspexisset
1101 3748 1169 3793 eam
1191 3731 1301 3811 postea
1319 3733 1353 3792 et

233 3834 430 3899 sanissimam
456 3835 655 3918 conperisset,
684 3854 776 3918 quam
803 3835 890 3917 prius
913 3834 1025 3900 babere
1052 3833 1131 3898 illud
1154 3834 1271 3900 malum
1295 3832 1351 3898 tali

233 3940 423 4022 inspectione
464 3945 660 4024 cognouerat,
701 3941 857 4023 quaesiuit
896 3941 935 4006 ab
971 3959 1008 4005 ea
1042 3940 1241 4004 uehementer
1275 3937 1352 4020 quid
1369 3968 1398 4010 η

235 4047 429 4113 adhibuisset
468 4043 672 4135 [curationis],
713 4048 852 4129 cupiens,
889 4049 1038 4129 quantum
1075 4045 1214 4128 intellegi
1250 4043 1351 4121 datur,

234 4171 325 4218 nosse
356 4153 626 4230 medicamentum,
662 4172 723 4235 quo
754 4153 955 4235 Hippocratis
992 4152 1130 4216 definitio
1167 4151 1351 4214 uinceretur.

237 4258 376 4341 Cumque
395 4258 433 4323 ab
452 4278 489 4323 ea
506 4258 580 4341 quid
598 4259 715 4327 factum
734 4263 819 4323 esset
841 4259 990 4339 audisset,
1013 4276 1090 4323 uoce
1113 4257 1201 4322 uelut
1217 4259 1353 4321 conteni·

238 4355 339 4429 nentis
367 4367 399 4438 et
420 4365 523 4443 uultu,
550 4365 595 4428 ita
616 4369 651 4429 ut
673 4365 729 4429 illa
751 4369 914 4441 metueret,
941 4384 979 4428 ne
1003 4362 1128 4446 aliquod
1149 4361 1352 4425 contumelio-

275 4554 477 4638 l⁴consolando‚
495 4575 525 4628 ιἰι
544 4553 780 4643 ιιιανρ,’ὸειι1ειι(ἰο.
799 4592 814 4626 e
857 4575 873 4626 6
892 4575 921 4626 et
938 4575 1006 4640 grat.
1021 4588 1043 4638 p
1097 4574 1175 4638 atque
1195 4569 1354 4636 omnipote

240 4664 272 4718 lt)
289 4664 320 4716 io
335 4653 470 4731 mospius:
488 4663 520 4717 de
539 4680 631 4717 cancro
651 4668 750 4724 curato,
763 4679 780 4731 9
827 4664 857 4715 lt
875 4662 954 4715 lromo
973 4658 1106 4713 diutiuso
1152 4659 1183 4709 15
1202 4656 1352 4725 qualibetp

241 4752 272 4804 16
291 4757 321 4805 nt
338 4769 354 4806 a
371 4753 465 4822 perito,
480 4738 510 4806 ut
523 4769 555 4805 ιιι.
570 4756 590 4805 2
606 4752 803 4820 superscripto
859 4752 890 4803 17
909 4764 1062 4817 responsum
1081 4748 1218 4815 acceperat
1236 4761 1255 4796 o
1326 4750 1353 4796 et

241 4848 303 4894 (corte
320 4840 353 4894 sd
372 4841 457 4894 solum
475 4855 580 4895 mosum
599 4858 612 4894 e
736 4844 767 4902 ut
788 4839 822 4892 ad
841 4839 926 4892 solum
945 4838 1029 4891 Deum
1050 4853 1078 4889 se
1097 4852 1133 4888 or.
1152 4837 1317 4887 conuerteret
1331 4850 1353 4899 p

242 4929 274 4982 18
292 4931 483 4999 propinquante
503 4931 594 4999 cbep
611 4926 723 4993 Donet,
741 4931 970 4998 appropinquante
986 4943 1027 4995 qo
1067 4925 1100 4978 20
1118 4924 1165 4976 illa
1181 4940 1198 4991 q
1237 4922 1269 4973 21
1289 4937 1353 4973 oon-

239 5017 329 5073 t'estim
348 5034 424 5085 eqp‚·
443 5024 471 5072 ct
488 5019 626 5072 confestim
643 5035 659 5072 o
677 5017 774 5071 Doorb.
809 5018 938 5070 obsecuta
948 5033 966 5082 p
1001 5015 1035 5067 ‘36
1054 5012 1223 5075 curationis?
1242 5007 1353 5071 Dono,-

240 5122 290 5159 ooc.
310 5107 476 5175 obeqpuo
