<?xml version="1.0" encoding="UTF-8"?>
<!DOCTYPE html PUBLIC "-//W3C//DTD XHTML 1.0 Transitional//EN"
    "http://www.w3.org/TR/xhtml1/DTD/xhtml1-transitional.dtd">
<html xmlns="http://www.w3.org/1999/xhtml" xml:lang="en" lang="en">
 <head>
  <title>
</title>
<meta http-equiv="Content-Type" content="text/html;charset=utf-8" />
  <meta name='ocr-system' content='tesseract 3.04.00' />
  <meta name='ocr-capabilities' content='ocr_page ocr_carea ocr_par ocr_line ocrx_word'/>
</head>
<body>
  <div class='ocr_page' id='page_1' title='image "./sanctiavreliiav00hoffgoog_0588.png"; bbox 0 0 3217 6325; ppageno 0'>
   <div class='ocr_carea' id='block_1_1' title="bbox 289 1283 1079 1357">
    <p class='ocr_par' dir='ltr' id='par_1_1' title="bbox 289 1283 1079 1357">
     <span class='ocr_line' id='line_1_1' title="bbox 289 1283 1079 1357; baseline -0.028 0"><span class='ocrx_word' id='word_1_1' title='bbox 289 1293 352 1357; x_wconf 80' lang='grc'><strong>574</strong></span> <span class='ocrx_word' id='word_1_2' title='bbox 635 1286 661 1339; x_wconf 84' lang='lat' dir='ltr'><strong>S.</strong></span> <span class='ocrx_word' id='word_1_3' title='bbox 688 1284 841 1338; x_wconf 76' lang='lat' dir='ltr'><strong>Aurelii</strong></span> <span class='ocrx_word' id='word_1_4' title='bbox 867 1283 1079 1354; x_wconf 71' lang='lat' dir='ltr'>Augustini</span> 
     </span>
    </p>
   </div>
   <div class='ocr_carea' id='block_1_2' title="bbox 268 1476 1456 4416">
    <p class='ocr_par' dir='ltr' id='par_1_2' title="bbox 268 1476 1456 4416">
     <span class='ocr_line' id='line_1_2' title="bbox 289 1476 1415 1560; baseline -0.001 -12"><span class='ocrx_word' id='word_1_5' title='bbox 289 1484 427 1548; x_wconf 81' lang='lat' dir='ltr'><strong>dimittet</strong></span> <span class='ocrx_word' id='word_1_6' title='bbox 456 1480 546 1546; x_wconf 92' lang='lat' dir='ltr'><strong>uobis</strong></span> <span class='ocrx_word' id='word_1_7' title='bbox 572 1479 664 1543; x_wconf 90' lang='lat' dir='ltr'><strong>Pater</strong></span> <span class='ocrx_word' id='word_1_8' title='bbox 695 1480 800 1542; x_wconf 89' lang='lat' dir='ltr'><strong>uester</strong></span> <span class='ocrx_word' id='word_1_9' title='bbox 832 1476 1001 1541; x_wconf 81' lang='lat' dir='ltr'><strong>cottidiana</strong></span> <span class='ocrx_word' id='word_1_10' title='bbox 1033 1496 1128 1559; x_wconf 88' lang='lat' dir='ltr'><strong>parua</strong></span> <span class='ocrx_word' id='word_1_11' title='bbox 1159 1483 1300 1560; x_wconf 82' lang='lat' dir='ltr'><strong>peccata,</strong></span> <span class='ocrx_word' id='word_1_12' title='bbox 1339 1482 1415 1547; x_wconf 88' lang='lat' dir='ltr'><strong>sed:</strong></span> 
     </span>
     <span class='ocr_line' id='line_1_3' title="bbox 290 1582 1415 1670; baseline -0.003 -16"><span class='ocrx_word' id='word_1_13' title='bbox 290 1588 490 1664; x_wconf 83' lang='lat' dir='ltr'><strong>Dimittet,</strong></span> <span class='ocrx_word' id='word_1_14' title='bbox 522 1584 633 1667; x_wconf 88' lang='lat' dir='ltr'><strong>inquit,</strong></span> <span class='ocrx_word' id='word_1_15' title='bbox 666 1583 783 1648; x_wconf 91' lang='lat' dir='ltr'><strong>uobis</strong></span> <span class='ocrx_word' id='word_1_16' title='bbox 810 1586 977 1664; x_wconf 85' lang='lat' dir='ltr'><strong>peccata</strong></span> <span class='ocrx_word' id='word_1_17' title='bbox 1002 1586 1148 1647; x_wconf 88' lang='lat' dir='ltr'><strong>uestra.</strong></span> <span class='ocrx_word' id='word_1_18' title='bbox 1180 1582 1415 1670; x_wconf 84' lang='lat' dir='ltr'><strong>Qualicumque</strong></span> 
     </span>
     <span class='ocr_line' id='line_1_4' title="bbox 288 1688 1415 1778; baseline -0.001 -19"><span class='ocrx_word' id='word_1_19' title='bbox 288 1714 361 1778; x_wconf 91' lang='lat' dir='ltr'><strong>ergo</strong></span> <span class='ocrx_word' id='word_1_20' title='bbox 385 1694 437 1757; x_wconf 91' lang='lat' dir='ltr'><strong>uel</strong></span> <span class='ocrx_word' id='word_1_21' title='bbox 460 1694 705 1774; x_wconf 80' lang='lat' dir='ltr'><strong>quantacumque</strong></span> <span class='ocrx_word' id='word_1_22' title='bbox 729 1690 801 1764; x_wconf 86' lang='lat' dir='ltr'><strong>sint,</strong></span> <span class='ocrx_word' id='word_1_23' title='bbox 825 1688 948 1753; x_wconf 88' lang='lat' dir='ltr'><strong>etiamsi</strong></span> <span class='ocrx_word' id='word_1_24' title='bbox 971 1689 1098 1753; x_wconf 81' lang='lat' dir='ltr'><strong>cottidie</strong></span> <span class='ocrx_word' id='word_1_25' title='bbox 1120 1695 1338 1773; x_wconf 87' lang='lat' dir='ltr'><strong>perpetrentur</strong></span> <span class='ocrx_word' id='word_1_26' title='bbox 1356 1713 1415 1758; x_wconf 92' lang='lat' dir='ltr'><strong>neo</strong></span> 
     </span>
     <span class='ocr_line' id='line_1_5' title="bbox 290 1794 1412 1880; baseline -0.004 -15"><span class='ocrx_word' id='word_1_27' title='bbox 290 1800 327 1865; x_wconf 87' lang='lat' dir='ltr'><strong>ab</strong></span> <span class='ocrx_word' id='word_1_28' title='bbox 355 1799 400 1864; x_wconf 90' lang='lat' dir='ltr'><strong>eis</strong></span> <span class='ocrx_word' id='word_1_29' title='bbox 427 1798 492 1861; x_wconf 88' lang='lat' dir='ltr'><strong>uite</strong></span> <span class='ocrx_word' id='word_1_30' title='bbox 523 1795 662 1860; x_wconf 89' lang='lat' dir='ltr'><strong>discedat</strong></span> <span class='ocrx_word' id='word_1_31' title='bbox 688 1795 718 1858; x_wconf 91' lang='lat' dir='ltr'><strong>in</strong></span> <span class='ocrx_word' id='word_1_32' title='bbox 746 1794 859 1858; x_wconf 90' lang='lat' dir='ltr'><strong>melius</strong></span> <span class='ocrx_word' id='word_1_33' title='bbox 888 1798 1091 1859; x_wconf 87' lang='lat' dir='ltr'><strong>commutata:</strong></span> <span class='ocrx_word' id='word_1_34' title='bbox 1123 1814 1179 1878; x_wconf 88' lang='lat' dir='ltr'><strong>per</strong></span> <span class='ocrx_word' id='word_1_35' title='bbox 1200 1795 1412 1880; x_wconf 80' lang='lat' dir='ltr'><strong>elemosynam</strong></span> 
     </span>
     <span class='ocr_line' id='line_1_6' title="bbox 289 1900 1456 1986; baseline -0.002 -17"><span class='ocrx_word' id='word_1_36' title='bbox 289 1906 398 1969; x_wconf 88' lang='lat' dir='ltr'><strong>ueniae</strong></span> <span class='ocrx_word' id='word_1_37' title='bbox 420 1923 479 1968; x_wconf 91' lang='lat' dir='ltr'><strong>uon</strong></span> <span class='ocrx_word' id='word_1_38' title='bbox 503 1906 632 1986; x_wconf 83' lang='lat' dir='ltr'><strong>negatae</strong></span> <span class='ocrx_word' id='word_1_39' title='bbox 654 1900 771 1965; x_wconf 81' lang='lat' dir='ltr'><strong>remitti</strong></span> <span class='ocrx_word' id='word_1_40' title='bbox 795 1900 855 1965; x_wconf 89' lang='lat' dir='ltr'><strong>sibi</strong></span> <span class='ocrx_word' id='word_1_41' title='bbox 878 1920 971 1983; x_wconf 91' lang='lat' dir='ltr'><strong>posse</strong></span> <span class='ocrx_word' id='word_1_42' title='bbox 994 1905 1206 1982; x_wconf 88' lang='lat' dir='ltr'><strong>praesumunt.</strong></span> <span class='ocrx_word' id='word_1_43' title='bbox 1443 1930 1456 1967; x_wconf 76' lang='lat' dir='ltr'><strong>s</strong></span> 
     </span>
     <span class='ocr_line' id='line_1_7' title="bbox 334 2006 1413 2090; baseline -0.002 -14"><span class='ocrx_word' id='word_1_44' title='bbox 334 2010 394 2077; x_wconf 86' lang='lat' dir='ltr'><strong>Sed</strong></span> <span class='ocrx_word' id='word_1_45' title='bbox 416 2010 504 2085; x_wconf 84' lang='lat' dir='ltr'><strong>bene,</strong></span> <span class='ocrx_word' id='word_1_46' title='bbox 527 2007 610 2090; x_wconf 90' lang='lat' dir='ltr'><strong>quod</strong></span> <span class='ocrx_word' id='word_1_47' title='bbox 631 2006 686 2071; x_wconf 91' lang='lat' dir='ltr'><strong>isti</strong></span> <span class='ocrx_word' id='word_1_48' title='bbox 704 2007 812 2090; x_wconf 88' lang='lat' dir='ltr'><strong>dignas</strong></span> <span class='ocrx_word' id='word_1_49' title='bbox 831 2025 885 2090; x_wconf 96' lang='lat' dir='ltr'><strong>pro</strong></span> <span class='ocrx_word' id='word_1_50' title='bbox 904 2007 1040 2088; x_wconf 89' lang='lat' dir='ltr'><strong>peccatis</strong></span> <span class='ocrx_word' id='word_1_51' title='bbox 1059 2007 1257 2090; x_wconf 78' lang='lat' dir='ltr'><strong>elemosynas</strong></span> <span class='ocrx_word' id='word_1_52' title='bbox 1274 2027 1413 2074; x_wconf 92' lang='lat' dir='ltr'><strong>commo·</strong></span> 
     </span>
     <span class='ocr_line' id='line_1_8' title="bbox 289 2111 1411 2196; baseline -0.002 -14"><span class='ocrx_word' id='word_1_53' title='bbox 289 2121 363 2182; x_wconf 87' lang='lat' dir='ltr'><strong>nent</strong></span> <span class='ocrx_word' id='word_1_54' title='bbox 389 2134 457 2180; x_wconf 88' lang='lat' dir='ltr'><strong>esse</strong></span> <span class='ocrx_word' id='word_1_55' title='bbox 485 2113 656 2186; x_wconf 62' lang='lat' dir='ltr'><strong>taciendam</strong></span> <span class='ocrx_word' id='word_1_56' title='bbox 689 2112 833 2195; x_wconf 88' lang='lat' dir='ltr'><strong>quoniam</strong></span> <span class='ocrx_word' id='word_1_57' title='bbox 861 2112 888 2176; x_wconf 88' lang='lat' dir='ltr'><strong>si</strong></span> <span class='ocrx_word' id='word_1_58' title='bbox 916 2111 1052 2177; x_wconf 81' lang='lat' dir='ltr'><strong>dicerent</strong></span> <span class='ocrx_word' id='word_1_59' title='bbox 1078 2114 1323 2196; x_wconf 78' lang='lat' dir='ltr'><strong>qualescumque</strong></span> <span class='ocrx_word' id='word_1_60' title='bbox 1350 2116 1411 2180; x_wconf 88' lang='lat' dir='ltr'><strong>ele-</strong></span> 
     </span>
     <span class='ocr_line' id='line_1_9' title="bbox 290 2216 1412 2305; baseline -0.001 -19"><span class='ocrx_word' id='word_1_61' title='bbox 290 2241 434 2305; x_wconf 77' lang='lat' dir='ltr'><strong>mosynas</strong></span> <span class='ocrx_word' id='word_1_62' title='bbox 453 2239 507 2303; x_wconf 91' lang='lat' dir='ltr'><strong>pro</strong></span> <span class='ocrx_word' id='word_1_63' title='bbox 526 2219 661 2299; x_wconf 88' lang='lat' dir='ltr'><strong>peccatis</strong></span> <span class='ocrx_word' id='word_1_64' title='bbox 682 2220 713 2281; x_wconf 92' lang='lat' dir='ltr'><strong>et</strong></span> <span class='ocrx_word' id='word_1_65' title='bbox 731 2216 911 2281; x_wconf 81' lang='lat' dir='ltr'><strong>cottidianis</strong></span> <span class='ocrx_word' id='word_1_66' title='bbox 925 2221 957 2281; x_wconf 94' lang='lat' dir='ltr'><strong>et</strong></span> <span class='ocrx_word' id='word_1_67' title='bbox 969 2218 1090 2299; x_wconf 86' lang='lat' dir='ltr'><strong>magnis</strong></span> <span class='ocrx_word' id='word_1_68' title='bbox 1110 2221 1142 2281; x_wconf 88' lang='lat' dir='ltr'><strong>et</strong></span> <span class='ocrx_word' id='word_1_69' title='bbox 1159 2223 1412 2303; x_wconf 87' lang='lat' dir='ltr'><strong>quantecumque</strong></span> 
     </span>
     <span class='ocr_line' id='line_1_10' title="bbox 290 2322 1411 2406; baseline -0.003 -14"><span class='ocrx_word' id='word_1_70' title='bbox 290 2327 442 2392; x_wconf 89' lang='lat' dir='ltr'><strong>scelerum</strong></span> <span class='ocrx_word' id='word_1_71' title='bbox 467 2322 688 2389; x_wconf 88' lang='lat' dir='ltr'><strong>consuetudine</strong></span> <span class='ocrx_word' id='word_1_72' title='bbox 711 2322 964 2389; x_wconf 81' lang='lat' dir='ltr'><strong>misericordiam.</strong></span> <span class='ocrx_word' id='word_1_73' title='bbox 976 2340 1069 2405; x_wconf 88' lang='lat' dir='ltr'><strong>posse</strong></span> <span class='ocrx_word' id='word_1_74' title='bbox 1086 2324 1240 2406; x_wconf 87' lang='lat' dir='ltr'><strong>inpetrare</strong></span> <span class='ocrx_word' id='word_1_75' title='bbox 1259 2324 1411 2398; x_wconf 83' lang='lat' dir='ltr'><strong>diuinam,</strong></span> 
     </span>
     <span class='ocr_line' id='line_1_11' title="bbox 290 2427 1456 2510; baseline 0.002 -14"><span class='ocrx_word' id='word_1_76' title='bbox 290 2435 327 2496; x_wconf 94' lang='lat' dir='ltr'><strong>ut</strong></span> <span class='ocrx_word' id='word_1_77' title='bbox 353 2451 389 2496; x_wconf 89' lang='lat' dir='ltr'><strong>ea</strong></span> <span class='ocrx_word' id='word_1_78' title='bbox 416 2431 584 2496; x_wconf 89' lang='lat' dir='ltr'><strong>cottidiana</strong></span> <span class='ocrx_word' id='word_1_79' title='bbox 609 2427 750 2493; x_wconf 91' lang='lat' dir='ltr'><strong>remissio</strong></span> <span class='ocrx_word' id='word_1_80' title='bbox 778 2432 969 2510; x_wconf 86' lang='lat' dir='ltr'><strong>sequeretur,</strong></span> <span class='ocrx_word' id='word_1_81' title='bbox 997 2427 1139 2492; x_wconf 86' lang='lat' dir='ltr'><strong>uiderent</strong></span> <span class='ocrx_word' id='word_1_82' title='bbox 1162 2448 1195 2493; x_wconf 90' lang='lat' dir='ltr'><strong>se</strong></span> <span class='ocrx_word' id='word_1_83' title='bbox 1218 2448 1284 2493; x_wconf 91' lang='lat' dir='ltr'><strong>rem</strong></span> <span class='ocrx_word' id='word_1_84' title='bbox 1306 2430 1456 2499; x_wconf 87' lang='lat' dir='ltr'><strong>dicerem</strong></span> 
     </span>
     <span class='ocr_line' id='line_1_12' title="bbox 290 2532 1411 2617; baseline -0.002 -15"><span class='ocrx_word' id='word_1_85' title='bbox 290 2537 454 2602; x_wconf 86' lang='lat' dir='ltr'><strong>absurdam</strong></span> <span class='ocrx_word' id='word_1_86' title='bbox 487 2537 585 2617; x_wconf 83' lang='lat' dir='ltr'><strong>adque</strong></span> <span class='ocrx_word' id='word_1_87' title='bbox 616 2533 790 2599; x_wconf 91' lang='lat' dir='ltr'><strong>ridiculam.</strong></span> <span class='ocrx_word' id='word_1_88' title='bbox 824 2532 876 2599; x_wconf 85' lang='lat' dir='ltr'><strong>Sic</strong></span> <span class='ocrx_word' id='word_1_89' title='bbox 902 2534 983 2599; x_wconf 91' lang='lat' dir='ltr'><strong>enim</strong></span> <span class='ocrx_word' id='word_1_90' title='bbox 1012 2538 1195 2617; x_wconf 88' lang='lat' dir='ltr'><strong>cogerentur</strong></span> <span class='ocrx_word' id='word_1_91' title='bbox 1224 2535 1316 2600; x_wconf 85' lang='lat' dir='ltr'><strong>fateri</strong></span> <span class='ocrx_word' id='word_1_92' title='bbox 1342 2534 1411 2601; x_wconf 85' lang='lat' dir='ltr'><strong>fieri</strong></span> 
     </span>
     <span class='ocr_line' id='line_1_13' title="bbox 291 2640 1408 2726; baseline -0.003 -18"><span class='ocrx_word' id='word_1_93' title='bbox 291 2662 392 2726; x_wconf 84' lang='lat' dir='ltr'><strong>posse,</strong></span> <span class='ocrx_word' id='word_1_94' title='bbox 425 2646 460 2706; x_wconf 90' lang='lat' dir='ltr'><strong>ut</strong></span> <span class='ocrx_word' id='word_1_95' title='bbox 491 2640 746 2724; x_wconf 89' lang='lat' dir='ltr'><strong>opulentissimus</strong></span> <span class='ocrx_word' id='word_1_96' title='bbox 778 2640 871 2704; x_wconf 91' lang='lat' dir='ltr'><strong>bomo</strong></span> <span class='ocrx_word' id='word_1_97' title='bbox 903 2640 1008 2704; x_wconf 89' lang='lat' dir='ltr'><strong>decem</strong></span> <span class='ocrx_word' id='word_1_98' title='bbox 1036 2640 1206 2705; x_wconf 91' lang='lat' dir='ltr'><strong>nummulis</strong></span> <span class='ocrx_word' id='word_1_99' title='bbox 1234 2640 1354 2705; x_wconf 83' lang='lat' dir='ltr'><strong>diurnis</strong></span> <span class='ocrx_word' id='word_1_100' title='bbox 1377 2642 1408 2705; x_wconf 94' lang='lat' dir='ltr'><strong>in</strong></span> 
     </span>
     <span class='ocr_line' id='line_1_14' title="bbox 291 2744 1408 2830; baseline -0.001 -19"><span class='ocrx_word' id='word_1_101' title='bbox 291 2747 484 2830; x_wconf 77' lang='lat' dir='ltr'><strong>elemosynas</strong></span> <span class='ocrx_word' id='word_1_102' title='bbox 507 2745 643 2828; x_wconf 87' lang='lat' dir='ltr'><strong>inpensis</strong></span> <span class='ocrx_word' id='word_1_103' title='bbox 666 2745 834 2809; x_wconf 89' lang='lat' dir='ltr'><strong>homicidia</strong></span> <span class='ocrx_word' id='word_1_104' title='bbox 856 2751 888 2809; x_wconf 93' lang='lat' dir='ltr'><strong>et</strong></span> <span class='ocrx_word' id='word_1_105' title='bbox 910 2744 1062 2808; x_wconf 83' lang='lat' dir='ltr'><strong>adulteria</strong></span> <span class='ocrx_word' id='word_1_106' title='bbox 1084 2749 1114 2810; x_wconf 90' lang='lat' dir='ltr'><strong>et</strong></span> <span class='ocrx_word' id='word_1_107' title='bbox 1132 2745 1248 2810; x_wconf 84' lang='lat' dir='ltr'><strong>nefaria</strong></span> <span class='ocrx_word' id='word_1_108' title='bbox 1266 2764 1408 2828; x_wconf 85' lang='lat' dir='ltr'><strong>quaeque</strong></span> 
     </span>
     <span class='ocr_line' id='line_1_15' title="bbox 290 2849 1409 2933; baseline 0 -16"><span class='ocrx_word' id='word_1_109' title='bbox 290 2854 372 2917; x_wconf 82' lang='lat' dir='ltr'><strong>facte</strong></span> <span class='ocrx_word' id='word_1_110' title='bbox 398 2852 570 2917; x_wconf 84' lang='lat' dir='ltr'><strong>redimeret.</strong></span> <span class='ocrx_word' id='word_1_111' title='bbox 599 2850 688 2930; x_wconf 84' lang='lat' dir='ltr'><strong>Quod</strong></span> <span class='ocrx_word' id='word_1_112' title='bbox 715 2851 743 2914; x_wconf 92' lang='lat' dir='ltr'><strong>si</strong></span> <span class='ocrx_word' id='word_1_113' title='bbox 765 2849 1024 2915; x_wconf 88' lang='lat' dir='ltr'><strong>absurdissimum</strong></span> <span class='ocrx_word' id='word_1_114' title='bbox 1052 2850 1152 2933; x_wconf 88' lang='lat' dir='ltr'><strong>adque</strong></span> <span class='ocrx_word' id='word_1_115' title='bbox 1173 2851 1409 2917; x_wconf 82' lang='lat' dir='ltr'><strong>insanissimum</strong></span> 
     </span>
     <span class='ocr_line' id='line_1_16' title="bbox 292 2956 1454 3042; baseline 0.004 -21"><span class='ocrx_word' id='word_1_116' title='bbox 292 2961 340 3021; x_wconf 91' lang='lat' dir='ltr'><strong>est</strong></span> <span class='ocrx_word' id='word_1_117' title='bbox 363 2958 473 3035; x_wconf 82' lang='lat' dir='ltr'><strong>dicere,</strong></span> <span class='ocrx_word' id='word_1_118' title='bbox 496 2957 633 3041; x_wconf 87' lang='lat' dir='ltr'><strong>proiecto</strong></span> <span class='ocrx_word' id='word_1_119' title='bbox 657 2956 683 3020; x_wconf 88' lang='lat' dir='ltr'><strong>si</strong></span> <span class='ocrx_word' id='word_1_120' title='bbox 706 2960 880 3038; x_wconf 70' lang='lat' dir='ltr'><strong>quamtus,</strong></span> <span class='ocrx_word' id='word_1_121' title='bbox 904 2975 982 3039; x_wconf 89' lang='lat' dir='ltr'><strong>quae</strong></span> <span class='ocrx_word' id='word_1_122' title='bbox 1005 2956 1114 3042; x_wconf 82' lang='lat' dir='ltr'><strong>dignae</strong></span> <span class='ocrx_word' id='word_1_123' title='bbox 1137 2958 1201 3021; x_wconf 88' lang='lat' dir='ltr'><strong>siut</strong></span> <span class='ocrx_word' id='word_1_124' title='bbox 1222 2977 1277 3042; x_wconf 95' lang='lat' dir='ltr'><strong>pro</strong></span> <span class='ocrx_word' id='word_1_125' title='bbox 1300 2978 1408 3041; x_wconf 89' lang='lat' dir='ltr'><strong>pecca·</strong></span> <span class='ocrx_word' id='word_1_126' title='bbox 1427 2988 1454 3027; x_wconf 74' lang='lat' dir='ltr'><strong>rs</strong></span> 
     </span>
     <span class='ocr_line' id='line_1_17' title="bbox 292 3062 1407 3147; baseline 0.003 -21"><span class='ocrx_word' id='word_1_127' title='bbox 292 3062 333 3127; x_wconf 90' lang='lat' dir='ltr'><strong>tis</strong></span> <span class='ocrx_word' id='word_1_128' title='bbox 361 3064 563 3147; x_wconf 72' lang='lat' dir='ltr'><strong>elemosynae,</strong></span> <span class='ocrx_word' id='word_1_129' title='bbox 592 3063 628 3127; x_wconf 92' lang='lat' dir='ltr'><strong>de</strong></span> <span class='ocrx_word' id='word_1_130' title='bbox 656 3062 769 3144; x_wconf 90' lang='lat' dir='ltr'><strong>quibus</strong></span> <span class='ocrx_word' id='word_1_131' title='bbox 793 3062 886 3127; x_wconf 88' lang='lat' dir='ltr'><strong>etiam</strong></span> <span class='ocrx_word' id='word_1_132' title='bbox 910 3062 1025 3128; x_wconf 80' lang='lat' dir='ltr'><strong>Christi</strong></span> <span class='ocrx_word' id='word_1_133' title='bbox 1047 3082 1230 3147; x_wconf 85' lang='lat' dir='ltr'><strong>praecursor</strong></span> <span class='ocrx_word' id='word_1_134' title='bbox 1250 3063 1303 3128; x_wconf 92' lang='lat' dir='ltr'><strong>ille</strong></span> <span class='ocrx_word' id='word_1_135' title='bbox 1327 3065 1407 3129; x_wconf 89' lang='lat' dir='ltr'><strong>dioc·</strong></span> 
     </span>
     <span class='ocr_line' id='line_1_18' title="bbox 292 3168 1408 3254; baseline 0.004 -22"><span class='ocrx_word' id='word_1_136' title='bbox 292 3169 362 3235; x_wconf 89' lang='lat' dir='ltr'><strong>bat:</strong></span> <span class='ocrx_word' id='word_1_137' title='bbox 385 3169 524 3234; x_wconf 83' lang='lat' dir='ltr'><strong>Facite</strong></span> <span class='ocrx_word' id='word_1_138' title='bbox 543 3187 633 3254; x_wconf 93' lang='lat' dir='ltr'><strong>ergo</strong></span> <span class='ocrx_word' id='word_1_139' title='bbox 652 3169 811 3233; x_wconf 79' lang='lat' dir='ltr'><strong>fructus</strong></span> <span class='ocrx_word' id='word_1_140' title='bbox 830 3168 972 3254; x_wconf 92' lang='lat' dir='ltr'><strong>dignos</strong></span> <span class='ocrx_word' id='word_1_141' title='bbox 991 3170 1274 3252; x_wconf 84' lang='lat' dir='ltr'><strong>paenitentiae,</strong></span> <span class='ocrx_word' id='word_1_142' title='bbox 1299 3174 1408 3254; x_wconf 82' lang='lat' dir='ltr'><strong>procul</strong></span> 
     </span>
     <span class='ocr_line' id='line_1_19' title="bbox 293 3274 1409 3360; baseline 0.004 -22"><span class='ocrx_word' id='word_1_143' title='bbox 293 3275 386 3340; x_wconf 91' lang='lat' dir='ltr'><strong>dubio</strong></span> <span class='ocrx_word' id='word_1_144' title='bbox 415 3295 473 3340; x_wconf 88' lang='lat' dir='ltr'><strong>non</strong></span> <span class='ocrx_word' id='word_1_145' title='bbox 500 3275 695 3340; x_wconf 89' lang='lat' dir='ltr'><strong>inuenieutur</strong></span> <span class='ocrx_word' id='word_1_146' title='bbox 721 3293 773 3340; x_wconf 89' lang='lat' dir='ltr'><strong>eas</strong></span> <span class='ocrx_word' id='word_1_147' title='bbox 799 3274 910 3352; x_wconf 83' lang='lat' dir='ltr'><strong>facere,</strong></span> <span class='ocrx_word' id='word_1_148' title='bbox 937 3275 992 3358; x_wconf 89' lang='lat' dir='ltr'><strong>qui</strong></span> <span class='ocrx_word' id='word_1_149' title='bbox 1014 3275 1111 3340; x_wconf 90' lang='lat' dir='ltr'><strong>uitam</strong></span> <span class='ocrx_word' id='word_1_150' title='bbox 1135 3295 1223 3342; x_wconf 90' lang='lat' dir='ltr'><strong>suam</strong></span> <span class='ocrx_word' id='word_1_151' title='bbox 1245 3296 1345 3360; x_wconf 87' lang='lat' dir='ltr'><strong>usque</strong></span> <span class='ocrx_word' id='word_1_152' title='bbox 1368 3279 1409 3342; x_wconf 85' lang='lat' dir='ltr'><strong>ad</strong></span> 
     </span>
     <span class='ocr_line' id='line_1_20' title="bbox 292 3380 1406 3465; baseline 0.003 -20"><span class='ocrx_word' id='word_1_153' title='bbox 292 3385 422 3445; x_wconf 86' lang='lat' dir='ltr'><strong>mortem</strong></span> <span class='ocrx_word' id='word_1_154' title='bbox 464 3381 699 3446; x_wconf 86' lang='lat' dir='ltr'><strong>cottidianorum</strong></span> <span class='ocrx_word' id='word_1_155' title='bbox 740 3381 903 3445; x_wconf 87' lang='lat' dir='ltr'><strong>criminum</strong></span> <span class='ocrx_word' id='word_1_156' title='bbox 943 3380 1168 3465; x_wconf 85' lang='lat' dir='ltr'><strong>perpetratione</strong></span> <span class='ocrx_word' id='word_1_157' title='bbox 1208 3383 1406 3461; x_wconf 60' lang='lat' dir='ltr'><strong>confodiunt</strong></span> 
     </span>
     <span class='ocr_line' id='line_1_21' title="bbox 291 3485 1452 3571; baseline 0.005 -20"><span class='ocrx_word' id='word_1_158' title='bbox 291 3487 436 3569; x_wconf 82' lang='lat' dir='ltr'><strong>primum,</strong></span> <span class='ocrx_word' id='word_1_159' title='bbox 468 3486 540 3568; x_wconf 88' lang='lat' dir='ltr'><strong>quia</strong></span> <span class='ocrx_word' id='word_1_160' title='bbox 570 3487 601 3550; x_wconf 92' lang='lat' dir='ltr'><strong>in</strong></span> <span class='ocrx_word' id='word_1_161' title='bbox 633 3485 804 3550; x_wconf 83' lang='lat' dir='ltr'><strong>auferendis</strong></span> <span class='ocrx_word' id='word_1_162' title='bbox 836 3485 928 3550; x_wconf 87' lang='lat' dir='ltr'><strong>rebus</strong></span> <span class='ocrx_word' id='word_1_163' title='bbox 960 3486 1068 3553; x_wconf 90' lang='lat' dir='ltr'><strong>alienis</strong></span> <span class='ocrx_word' id='word_1_164' title='bbox 1094 3487 1187 3571; x_wconf 88' lang='lat' dir='ltr'><strong>longe</strong></span> <span class='ocrx_word' id='word_1_165' title='bbox 1213 3487 1304 3571; x_wconf 89' lang='lat' dir='ltr'><strong>plura</strong></span> <span class='ocrx_word' id='word_1_166' title='bbox 1334 3488 1406 3554; x_wconf 92' lang='lat' dir='ltr'><strong>diri·</strong></span> <span class='ocrx_word' id='word_1_167' title='bbox 1424 3519 1452 3558; x_wconf 77' lang='lat' dir='ltr'><strong>so</strong></span> 
     </span>
     <span class='ocr_line' id='line_1_22' title="bbox 291 3592 1407 3678; baseline 0.004 -22"><span class='ocrx_word' id='word_1_168' title='bbox 291 3593 390 3674; x_wconf 89' lang='lat' dir='ltr'><strong>piunt,</strong></span> <span class='ocrx_word' id='word_1_169' title='bbox 414 3612 448 3657; x_wconf 87' lang='lat' dir='ltr'><strong>er</strong></span> <span class='ocrx_word' id='word_1_170' title='bbox 471 3593 583 3675; x_wconf 85' lang='lat' dir='ltr'><strong>quibus</strong></span> <span class='ocrx_word' id='word_1_171' title='bbox 606 3592 770 3677; x_wconf 82' lang='lat' dir='ltr'><strong>perexigua</strong></span> <span class='ocrx_word' id='word_1_172' title='bbox 791 3593 980 3675; x_wconf 90' lang='lat' dir='ltr'><strong>pauperibus</strong></span> <span class='ocrx_word' id='word_1_173' title='bbox 1007 3593 1164 3678; x_wconf 84' lang='lat' dir='ltr'><strong>largiendo</strong></span> <span class='ocrx_word' id='word_1_174' title='bbox 1188 3593 1348 3669; x_wconf 78' lang='lat' dir='ltr'><strong>Christum</strong></span> <span class='ocrx_word' id='word_1_175' title='bbox 1373 3616 1407 3662; x_wconf 89' lang='lat' dir='ltr'><strong>se</strong></span> 
     </span>
     <span class='ocr_line' id='line_1_23' title="bbox 291 3697 1406 3782; baseline 0.005 -22"><span class='ocrx_word' id='word_1_176' title='bbox 291 3697 329 3760; x_wconf 92' lang='lat' dir='ltr'><strong>ad</strong></span> <span class='ocrx_word' id='word_1_177' title='bbox 352 3699 409 3762; x_wconf 91' lang='lat' dir='ltr'><strong>hoc</strong></span> <span class='ocrx_word' id='word_1_178' title='bbox 432 3716 557 3782; x_wconf 88' lang='lat' dir='ltr'><strong>pascere</strong></span> <span class='ocrx_word' id='word_1_179' title='bbox 580 3698 764 3776; x_wconf 84' lang='lat' dir='ltr'><strong>existimant,</strong></span> <span class='ocrx_word' id='word_1_180' title='bbox 788 3701 826 3761; x_wconf 92' lang='lat' dir='ltr'><strong>ut</strong></span> <span class='ocrx_word' id='word_1_181' title='bbox 845 3697 1003 3762; x_wconf 81' lang='lat' dir='ltr'><strong>licentiam</strong></span> <span class='ocrx_word' id='word_1_182' title='bbox 1031 3699 1265 3765; x_wconf 85' lang='lat' dir='ltr'><strong>malefactorum</strong></span> <span class='ocrx_word' id='word_1_183' title='bbox 1288 3703 1327 3766; x_wconf 90' lang='lat' dir='ltr'><strong>ab</strong></span> <span class='ocrx_word' id='word_1_184' title='bbox 1350 3702 1406 3767; x_wconf 94' lang='lat' dir='ltr'><strong>illo</strong></span> 
     </span>
     <span class='ocr_line' id='line_1_24' title="bbox 292 3802 1405 3894; baseline 0.004 -28"><span class='ocrx_word' id='word_1_185' title='bbox 292 3805 463 3894; x_wconf 69' lang='lat' dir='ltr'><strong>coemisse</strong></span> <span class='ocrx_word' id='word_1_186' title='bbox 491 3803 541 3867; x_wconf 92' lang='lat' dir='ltr'><strong>uel</strong></span> <span class='ocrx_word' id='word_1_187' title='bbox 568 3802 695 3867; x_wconf 87' lang='lat' dir='ltr'><strong>cottidie</strong></span> <span class='ocrx_word' id='word_1_188' title='bbox 722 3803 828 3886; x_wconf 89' lang='lat' dir='ltr'><strong>potius</strong></span> <span class='ocrx_word' id='word_1_189' title='bbox 852 3822 951 3868; x_wconf 86' lang='lat' dir='ltr'><strong>emere</strong></span> <span class='ocrx_word' id='word_1_190' title='bbox 975 3805 1132 3870; x_wconf 88' lang='lat' dir='ltr'><strong>credentes</strong></span> <span class='ocrx_word' id='word_1_191' title='bbox 1156 3807 1258 3870; x_wconf 89' lang='lat' dir='ltr'><strong>securi</strong></span> <span class='ocrx_word' id='word_1_192' title='bbox 1281 3806 1405 3871; x_wconf 90' lang='lat' dir='ltr'><strong>damne-</strong></span> 
     </span>
     <span class='ocr_line' id='line_1_25' title="bbox 290 3906 1406 3991; baseline 0.005 -21"><span class='ocrx_word' id='word_1_193' title='bbox 290 3906 365 3971; x_wconf 89' lang='lat' dir='ltr'><strong>bilia</strong></span> <span class='ocrx_word' id='word_1_194' title='bbox 394 3911 481 3972; x_wconf 86' lang='lat' dir='ltr'><strong>tauta</strong></span> <span class='ocrx_word' id='word_1_195' title='bbox 512 3908 716 3973; x_wconf 89' lang='lat' dir='ltr'><strong>committant.</strong></span> <span class='ocrx_word' id='word_1_196' title='bbox 747 3906 806 3987; x_wconf 82' lang='lat' dir='ltr'><strong>Qui</strong></span> <span class='ocrx_word' id='word_1_197' title='bbox 835 3909 861 3972; x_wconf 91' lang='lat' dir='ltr'><strong>si</strong></span> <span class='ocrx_word' id='word_1_198' title='bbox 889 3927 943 3991; x_wconf 90' lang='lat' dir='ltr'><strong>pro</strong></span> <span class='ocrx_word' id='word_1_199' title='bbox 975 3928 1036 3973; x_wconf 92' lang='lat' dir='ltr'><strong>uno</strong></span> <span class='ocrx_word' id='word_1_200' title='bbox 1068 3910 1183 3975; x_wconf 87' lang='lat' dir='ltr'><strong>scelere</strong></span> <span class='ocrx_word' id='word_1_201' title='bbox 1214 3912 1317 3975; x_wconf 89' lang='lat' dir='ltr'><strong>omnia</strong></span> <span class='ocrx_word' id='word_1_202' title='bbox 1348 3931 1406 3976; x_wconf 90' lang='lat' dir='ltr'><strong>sua</strong></span> 
     </span>
     <span class='ocr_line' id='line_1_26' title="bbox 290 4012 1449 4097; baseline 0.011 -23"><span class='ocrx_word' id='word_1_203' title='bbox 290 4012 508 4076; x_wconf 87' lang='lat' dir='ltr'><strong>distribuerent</strong></span> <span class='ocrx_word' id='word_1_204' title='bbox 534 4012 746 4097; x_wconf 85' lang='lat' dir='ltr'><strong>indigentibus</strong></span> <span class='ocrx_word' id='word_1_205' title='bbox 773 4014 920 4078; x_wconf 88' lang='lat' dir='ltr'><strong>membris</strong></span> <span class='ocrx_word' id='word_1_206' title='bbox 944 4013 1069 4090; x_wconf 82' lang='lat' dir='ltr'><strong>Christi,</strong></span> <span class='ocrx_word' id='word_1_207' title='bbox 1097 4015 1155 4080; x_wconf 91' lang='lat' dir='ltr'><strong>nisi</strong></span> <span class='ocrx_word' id='word_1_208' title='bbox 1179 4016 1367 4081; x_wconf 85' lang='lat' dir='ltr'><strong>desisterent</strong></span> <span class='ocrx_word' id='word_1_209' title='bbox 1388 4038 1449 4087; x_wconf 74' lang='lat' dir='ltr'><strong>aas</strong></span> 
     </span>
     <span class='ocr_line' id='line_1_27' title="bbox 291 4117 1404 4205; baseline 0.006 -26"><span class='ocrx_word' id='word_1_210' title='bbox 291 4117 406 4182; x_wconf 88' lang='lat' dir='ltr'><strong>talibus</strong></span> <span class='ocrx_word' id='word_1_211' title='bbox 437 4118 529 4182; x_wconf 82' lang='lat' dir='ltr'><strong>lactis</strong></span> <span class='ocrx_word' id='word_1_212' title='bbox 560 4118 698 4182; x_wconf 89' lang='lat' dir='ltr'><strong>habendo</strong></span> <span class='ocrx_word' id='word_1_213' title='bbox 732 4119 899 4200; x_wconf 86' lang='lat' dir='ltr'><strong>caritatem,</strong></span> <span class='ocrx_word' id='word_1_214' title='bbox 932 4138 1010 4202; x_wconf 81' lang='lat' dir='ltr'><strong>quae</strong></span> <span class='ocrx_word' id='word_1_215' title='bbox 1041 4140 1100 4186; x_wconf 92' lang='lat' dir='ltr'><strong>non</strong></span> <span class='ocrx_word' id='word_1_216' title='bbox 1132 4121 1198 4204; x_wconf 88' lang='lat' dir='ltr'><strong>agit</strong></span> <span class='ocrx_word' id='word_1_217' title='bbox 1231 4141 1404 4205; x_wconf 84' lang='lat' dir='ltr'><strong>perperam,</strong></span> 
     </span>
     <span class='ocr_line' id='line_1_28' title="bbox 268 4221 1405 4310; baseline 0.007 -25"><span class='ocrx_word' id='word_1_218' title='bbox 268 4221 407 4304; x_wconf 31' lang='lat' dir='ltr'><strong>*aliquid</strong></span> <span class='ocrx_word' id='word_1_219' title='bbox 438 4222 483 4285; x_wconf 88' lang='lat' dir='ltr'><strong>eis</strong></span> <span class='ocrx_word' id='word_1_220' title='bbox 514 4222 659 4305; x_wconf 88' lang='lat' dir='ltr'><strong>prodesse</strong></span> <span class='ocrx_word' id='word_1_221' title='bbox 690 4241 749 4288; x_wconf 89' lang='lat' dir='ltr'><strong>uon</strong></span> <span class='ocrx_word' id='word_1_222' title='bbox 781 4227 895 4306; x_wconf 87' lang='lat' dir='ltr'><strong>potest.</strong></span> <span class='ocrx_word' id='word_1_223' title='bbox 928 4221 988 4302; x_wconf 88' lang='lat' dir='ltr'><strong>Qui</strong></span> <span class='ocrx_word' id='word_1_224' title='bbox 1016 4243 1088 4309; x_wconf 89' lang='lat' dir='ltr'><strong>ergo</strong></span> <span class='ocrx_word' id='word_1_225' title='bbox 1116 4225 1224 4310; x_wconf 89' lang='lat' dir='ltr'><strong>dignas</strong></span> <span class='ocrx_word' id='word_1_226' title='bbox 1250 4246 1305 4310; x_wconf 87' lang='lat' dir='ltr'><strong>pro</strong></span> <span class='ocrx_word' id='word_1_227' title='bbox 1337 4230 1405 4293; x_wconf 88' lang='lat' dir='ltr'><strong>sois</strong></span> 
     </span>
     <span class='ocr_line' id='line_1_29' title="bbox 290 4307 1404 4416; baseline 0.008 -27"><span class='ocrx_word' id='word_1_228' title='bbox 290 4307 425 4409; x_wconf 83' lang='lat' dir='ltr'><strong>peccatis</strong></span> <span class='ocrx_word' id='word_1_229' title='bbox 453 4328 643 4411; x_wconf 84' lang='lat' dir='ltr'><strong>elemosynas</strong></span> <span class='ocrx_word' id='word_1_230' title='bbox 670 4327 753 4405; x_wconf 87' lang='lat' dir='ltr'><strong>facit,</strong></span> <span class='ocrx_word' id='word_1_231' title='bbox 780 4330 866 4411; x_wconf 88' lang='lat' dir='ltr'><strong>prius</strong></span> <span class='ocrx_word' id='word_1_232' title='bbox 895 4350 947 4395; x_wconf 89' lang='lat' dir='ltr'><strong>ees</strong></span> <span class='ocrx_word' id='word_1_233' title='bbox 974 4332 1074 4395; x_wconf 84' lang='lat' dir='ltr'><strong>lacere</strong></span> <span class='ocrx_word' id='word_1_234' title='bbox 1096 4331 1206 4415; x_wconf 87' lang='lat' dir='ltr'><strong>incipit</strong></span> <span class='ocrx_word' id='word_1_235' title='bbox 1227 4352 1246 4397; x_wconf 87' lang='lat' dir='ltr'><strong>a</strong></span> <span class='ocrx_word' id='word_1_236' title='bbox 1267 4351 1301 4397; x_wconf 93' lang='lat' dir='ltr'><strong>se</strong></span> <span class='ocrx_word' id='word_1_237' title='bbox 1323 4333 1404 4416; x_wconf 90' lang='lat' dir='ltr'><strong>ipso.</strong></span> 
     </span>
    </p>
   </div>
   <div class='ocr_carea' id='block_1_3' title="bbox 378 4584 857 4656">
    <p class='ocr_par' dir='ltr' id='par_1_3' title="bbox 378 4584 857 4656">
     <span class='ocr_line' id='line_1_30' title="bbox 378 4584 857 4656; baseline 0.006 -18"><span class='ocrx_word' id='word_1_238' title='bbox 378 4585 410 4638; x_wconf 81' lang='lat'><strong>17</strong></span> <span class='ocrx_word' id='word_1_239' title='bbox 428 4585 476 4639; x_wconf 82' lang='lat' dir='ltr'><strong>nn.</strong></span> <span class='ocrx_word' id='word_1_240' title='bbox 495 4585 555 4650; x_wconf 75' lang='lat' dir='ltr'><strong>se</strong></span> <span class='ocrx_word' id='word_1_241' title='bbox 606 4586 640 4640; x_wconf 86' lang='lat' dir='ltr'><strong>ao</strong></span> <span class='ocrx_word' id='word_1_242' title='bbox 660 4587 683 4641; x_wconf 90' lang='lat'><strong>1.</strong></span> <span class='ocrx_word' id='word_1_243' title='bbox 702 4584 761 4640; x_wconf 75' lang='lat' dir='ltr'><strong>on.</strong></span> <span class='ocrx_word' id='word_1_244' title='bbox 781 4586 857 4656; x_wconf 82' lang='lat' dir='ltr'><strong>rs,c</strong></span> 
     </span>
    </p>
   </div>
   <div class='ocr_carea' id='block_1_4' title="bbox 290 4704 1403 5136">
    <p class='ocr_par' dir='ltr' id='par_1_4' title="bbox 290 4704 1403 5136">
     <span class='ocr_line' id='line_1_31' title="bbox 327 4704 1403 4784; baseline 0.014 -28"><span class='ocrx_word' id='word_1_245' title='bbox 327 4704 339 4757; x_wconf 92' lang='lat' dir='ltr'><strong>l</strong></span> <span class='ocrx_word' id='word_1_246' title='bbox 360 4709 468 4772; x_wconf 85' lang='lat' dir='ltr'><strong>peecata</strong></span> <span class='ocrx_word' id='word_1_247' title='bbox 484 4723 557 4777; x_wconf 80' lang='lat' dir='ltr'><strong>neee.‚·</strong></span> <span class='ocrx_word' id='word_1_248' title='bbox 576 4712 684 4775; x_wconf 89' lang='lat' dir='ltr'><strong>peccata</strong></span> <span class='ocrx_word' id='word_1_249' title='bbox 701 4711 824 4763; x_wconf 74' lang='lat' dir='ltr'><strong>uesbao</strong></span> <span class='ocrx_word' id='word_1_250' title='bbox 884 4712 901 4763; x_wconf 81' lang='lat'>4</span> <span class='ocrx_word' id='word_1_251' title='bbox 920 4710 1039 4765; x_wconf 86' lang='lat' dir='ltr'><strong>discedet</strong></span> <span class='ocrx_word' id='word_1_252' title='bbox 1058 4712 1212 4784; x_wconf 79' lang='lat' dir='ltr'><strong>‹rbeppo‚·</strong></span> <span class='ocrx_word' id='word_1_253' title='bbox 1230 4711 1356 4768; x_wconf 86' lang='lat' dir='ltr'><strong>descedat</strong></span> <span class='ocrx_word' id='word_1_254' title='bbox 1372 4734 1403 4784; x_wconf 75' lang='lat' dir='ltr'><strong>g:</strong></span> 
     </span>
     <span class='ocr_line' id='line_1_32' title="bbox 291 4787 1402 4871; baseline 0.013 -29"><span class='ocrx_word' id='word_1_255' title='bbox 291 4787 466 4846; x_wconf 75' lang='lat' dir='ltr'><strong>discedente</strong></span> <span class='ocrx_word' id='word_1_256' title='bbox 580 4797 596 4847; x_wconf 87' lang='lat'>6</span> <span class='ocrx_word' id='word_1_257' title='bbox 619 4801 785 4849; x_wconf 89' lang='lat' dir='ltr'><strong>commonent</strong></span> <span class='ocrx_word' id='word_1_258' title='bbox 809 4798 1021 4866; x_wconf 79' lang='lat' dir='ltr'><strong>eleemosynaeo</strong></span> <span class='ocrx_word' id='word_1_259' title='bbox 1126 4800 1356 4871; x_wconf 75' lang='lat' dir='ltr'><strong>commonentelfe‚</strong></span> <span class='ocrx_word' id='word_1_260' title='bbox 1376 4805 1402 4857; x_wconf 84' lang='lat' dir='ltr'><strong>se</strong></span> 
     </span>
     <span class='ocr_line' id='line_1_33' title="bbox 290 4883 1402 4951; baseline 0.013 -20"><span class='ocrx_word' id='word_1_261' title='bbox 290 4895 396 4948; x_wconf 75' lang='lat' dir='ltr'><strong>ea·ae.‚9</strong></span> <span class='ocrx_word' id='word_1_262' title='bbox 465 4883 480 4935; x_wconf 92' lang='lat'>8</span> <span class='ocrx_word' id='word_1_263' title='bbox 500 4886 528 4945; x_wconf 78' lang='lat' dir='ltr'><strong>et</strong></span> <span class='ocrx_word' id='word_1_264' title='bbox 546 4883 637 4936; x_wconf 90' lang='lat' dir='ltr'><strong>cottid.</strong></span> <span class='ocrx_word' id='word_1_265' title='bbox 655 4901 672 4951; x_wconf 79' lang='lat' dir='ltr'><strong>p</strong></span> <span class='ocrx_word' id='word_1_266' title='bbox 754 4886 769 4937; x_wconf 84' lang='lat'>9</span> <span class='ocrx_word' id='word_1_267' title='bbox 788 4885 1136 4942; x_wconf 84' lang='lat' dir='ltr'><strong>misericordie..diuiuae</strong></span> <span class='ocrx_word' id='word_1_268' title='bbox 1218 4890 1251 4944; x_wconf 87' lang='grc'><strong>10</strong></span> <span class='ocrx_word' id='word_1_269' title='bbox 1270 4907 1323 4944; x_wconf 91' lang='lat' dir='ltr'><strong>rem</strong></span> <span class='ocrx_word' id='word_1_270' title='bbox 1343 4910 1402 4946; x_wconf 83' lang='lat' dir='ltr'><strong>sec</strong></span> 
     </span>
     <span class='ocr_line' id='line_1_34' title="bbox 292 4967 1401 5044; baseline 0.013 -25"><span class='ocrx_word' id='word_1_271' title='bbox 292 4967 322 5020; x_wconf 92' lang='lat' dir='ltr'><strong>ll</strong></span> <span class='ocrx_word' id='word_1_272' title='bbox 343 4973 479 5035; x_wconf 84' lang='lat' dir='ltr'><strong>cogeretur</strong></span> <span class='ocrx_word' id='word_1_273' title='bbox 497 4970 574 5024; x_wconf 82' lang='lat' dir='ltr'><strong>fateri</strong></span> <span class='ocrx_word' id='word_1_274' title='bbox 593 4969 703 5039; x_wconf 86' lang='lat' dir='ltr'><strong>poeecb</strong></span> <span class='ocrx_word' id='word_1_275' title='bbox 802 4974 833 5026; x_wconf 84' lang='lat'><strong>12</strong></span> <span class='ocrx_word' id='word_1_276' title='bbox 852 4973 934 5026; x_wconf 89' lang='lat' dir='ltr'><strong>decim</strong></span> <span class='ocrx_word' id='word_1_277' title='bbox 953 4975 1129 5044; x_wconf 74' lang='lat' dir='ltr'><strong>nummolisp</strong></span> <span class='ocrx_word' id='word_1_278' title='bbox 1233 4977 1367 5032; x_wconf 89' lang='lat' dir='ltr'><strong>diuturnis</strong></span> <span class='ocrx_word' id='word_1_279' title='bbox 1386 4981 1401 5033; x_wconf 91' lang='lat' dir='ltr'><strong>b</strong></span> 
     </span>
     <span class='ocr_line' id='line_1_35' title="bbox 293 5055 1401 5136; baseline 0.013 -30"><span class='ocrx_word' id='word_1_280' title='bbox 293 5055 324 5106; x_wconf 88' lang='grc'><strong>13</strong></span> <span class='ocrx_word' id='word_1_281' title='bbox 343 5057 460 5124; x_wconf 84' lang='lat' dir='ltr'><strong>expensis</strong></span> <span class='ocrx_word' id='word_1_282' title='bbox 480 5076 496 5109; x_wconf 87' lang='grc' dir='ltr'><strong>α</strong></span> <span class='ocrx_word' id='word_1_283' title='bbox 568 5057 599 5110; x_wconf 78' lang='grc'><strong>14</strong></span> <span class='ocrx_word' id='word_1_284' title='bbox 618 5063 677 5112; x_wconf 88' lang='lat' dir='ltr'><strong>eto</strong></span> <span class='ocrx_word' id='word_1_285' title='bbox 765 5059 946 5115; x_wconf 86' lang='lat' dir='ltr'><strong>inanissimum</strong></span> <span class='ocrx_word' id='word_1_286' title='bbox 965 5079 983 5113; x_wconf 91' lang='lat' dir='ltr'><strong>o</strong></span> <span class='ocrx_word' id='word_1_287' title='bbox 1044 5064 1092 5116; x_wconf 85' lang='grc'><strong>,20</strong></span> <span class='ocrx_word' id='word_1_288' title='bbox 1111 5065 1401 5136; x_wconf 62' lang='lat' dir='ltr'><strong>prinninae-primo</strong></span> 
     </span>
    </p>
   </div>
   <div class='ocr_carea' id='block_1_5' title="bbox 291 5144 1401 5222">
    <p class='ocr_par' dir='ltr' id='par_1_5' title="bbox 291 5144 1401 5222">
     <span class='ocr_line' id='line_1_36' title="bbox 291 5144 1401 5222; baseline 0.014 -29"><span class='ocrx_word' id='word_1_289' title='bbox 291 5156 432 5211; x_wconf 77' lang='lat' dir='ltr'><strong>oepppo</strong></span> <span class='ocrx_word' id='word_1_290' title='bbox 467 5144 634 5213; x_wconf 84' lang='lat' dir='ltr'><strong>23seom.p</strong></span> <span class='ocrx_word' id='word_1_291' title='bbox 670 5146 841 5216; x_wconf 76' lang='lat' dir='ltr'><strong>27dignus9</strong></span> <span class='ocrx_word' id='word_1_292' title='bbox 877 5151 1401 5222; x_wconf 74' lang='lat' dir='ltr'><strong>28incipitbepp5iuoipiateDomb.</strong></span> 
     </span>
    </p>
   </div>
   <div class='ocr_carea' id='block_1_6' title="bbox 0 0 1618 6325">
    <p class='ocr_par' dir='ltr' id='par_1_6' title="bbox 0 0 1618 6325">
     <span class='ocr_line' id='line_1_37' title="bbox 0 0 1618 6325; baseline 0 0"><span class='ocrx_word' id='word_1_293' title='bbox 0 0 1618 6325; x_wconf 95' lang='lat' dir='ltr'><strong> </strong></span> 
     </span>
    </p>
   </div>
  </div>
 </body>
</html>
