3217 6325
222 1303 287 1366 400
559 1298 587 1353 S.
614 1298 766 1352 Aurelii
793 1298 1006 1367 Augustini

222 1493 320 1559 lium
362 1492 465 1558 caeli
502 1496 539 1556 ei
575 1493 746 1556 omniurn
786 1491 1023 1580 repentium,
1064 1509 1162 1573 quae
1203 1497 1347 1575 repunt

223 1617 343 1681 super
364 1602 519 1663 terram.
543 1597 737 1662 Rationalem
755 1598 874 1662 sactum
894 1597 932 1661 ad
950 1598 1118 1682 imaginem
1137 1615 1227 1662 enam
1245 1596 1348 1663 noluit

223 1705 284 1769 nisi
301 1704 571 1770 inrationabilibus
590 1702 756 1777 dominari3
776 1723 836 1767 non
855 1702 1013 1767 hominem
1031 1702 1159 1780 homini,
1178 1702 1233 1767 sed
1250 1702 1350 1766 homi·

223 1824 293 1875 nem
325 1810 438 1894 pecori.
470 1810 545 1875 Inde
572 1810 664 1893 primi
691 1809 768 1874 iusti
795 1813 936 1892 pactores
957 1827 1104 1893 pecorum
1131 1808 1232 1893 magis
1255 1828 1350 1891 qaam

223 1935 312 2000 reges
335 1915 496 1981 hominum
520 1914 684 1979 constituti
707 1917 790 1990 eunt,
814 1920 851 1978 ut
873 1914 967 1978 etiam
990 1914 1037 1978 cic
1058 1914 1231 1979 insinuaret
1250 1914 1348 1993 Deus,
1376 1935 1389 1975 e

224 2021 300 2105 qnid
322 2023 465 2106 postulet
484 2020 557 2084 ordo
581 2023 802 2094 creaturarum,
827 2019 902 2102 quid
921 2020 1025 2103 exigat
1041 2020 1188 2084 meritum
1207 2023 1350 2102 peccato

219 2142 303 2192 rum.
345 2126 492 2193 Condicio
530 2126 644 2209 quippe
685 2124 849 2189 seruitutis
885 2124 951 2189 iure
986 2125 1179 2210 intellegibur
1213 2125 1350 2209 inposita

223 2232 388 2316 peccatori.
426 2231 559 2296 Proinde
594 2250 747 2314 nusquam
785 2231 1008 2314 scripturarum
1044 2231 1179 2315 legimus
1211 2249 1350 2309 eorunm,

163 2391 166 2397 .
225 2342 389 2420 antequam
414 2339 474 2403 hoc
502 2337 654 2402 uocabulo
682 2336 749 2402 Noe
772 2338 876 2402 iaetus
899 2340 1060 2421 paccatum
1088 2336 1146 2401 filii
1169 2336 1350 2403 uindicaret.

224 2444 344 2510 Nomen
371 2443 478 2525 itaque
504 2442 588 2507 iebnc
615 2442 707 2526 culpa
732 2442 857 2520 meruit,
885 2462 945 2507 non
973 2447 1092 2508 natura
1120 2441 1216 2526 Origo
1243 2446 1348 2507 autem
1367 2463 1391 2503 a

224 2548 374 2616 uocaboli·
393 2558 554 2614 cornorum
576 2547 607 2612 in
630 2548 739 2612 Latina
760 2547 870 2631 lingna
892 2547 962 2616 inde
985 2547 1121 2612 creditur
1138 2548 1241 2625 (lucta
1265 2548 1350 2630 qnod

226 2654 269 2732 hi,
292 2654 345 2737 qui
367 2655 435 2719 iure
457 2654 531 2719 belli
550 2656 679 2736 poscent
697 2653 806 2727 occidi,
826 2673 844 2718 a
862 2653 1038 2721 uicioribue
1056 2673 1128 2718 cum
1146 2653 1350 2719 cernebantur

227 2759 310 2826 cerui
340 2759 465 2835 fiebant,
497 2778 515 2823 a
545 2759 697 2824 seruando
725 2759 888 2842 appellati3
921 2759 1004 2841 quod
1033 2760 1128 2824 etiam
1150 2758 1260 2842 ipsum
1284 2758 1349 2823 sinc

227 2865 347 2949 peccati
372 2865 482 2931 merito
510 2884 568 2930 non
597 2868 655 2929 eeb
682 2864 762 2930 Nam
786 2869 819 2929 eb
841 2884 912 2929 cnm
935 2865 1056 2930 iustum
1078 2864 1197 2949 geritur
1218 2863 1349 2943 bellum,

227 2990 281 3054 pro
312 2974 439 3055 peccabo
470 2989 487 3034 e
519 2970 670 3036 contrario
702 2970 882 3046 dimicatur3
916 2974 948 3035 et
975 2972 1076 3037 omnic
1102 2971 1246 3046 uictoria,
1276 2989 1349 3036 carn
1367 2994 1393 3043 aa

227 3077 321 3144 eiiam
356 3076 447 3141 malie
483 3075 636 3158 prouenit,
673 3074 779 3140 diuino
817 3075 932 3141 indicio
972 3076 1075 3142 uictos
1111 3076 1258 3142 humiliat
1297 3077 1350 3141 uel

227 3183 393 3248 emendans
418 3185 547 3266 peccata
573 3182 626 3246 nel
653 3181 794 3266 puniens.
824 3182 929 3248 'lestis
956 3186 1005 3249 cet
1030 3184 1123 3248 homo
1147 3183 1206 3248 Dei
1228 3183 1349 3257 Daniel,

226 3308 298 3354 cum
320 3287 351 3352 in
374 3287 557 3372 captiuibabe
579 3287 702 3370 poeitae
726 3291 854 3370 peccata
880 3307 938 3354 ena
960 3293 992 3354 el
1016 3294 1146 3373 peccata
1168 3289 1276 3372 populi
1299 3290 1349 3354 eni

227 3394 392 3460 confitetur
422 3394 489 3460 Deo
521 3396 552 3458 eb
582 3393 661 3457 hanc
692 3411 761 3458 eeee
793 3412 920 3460 caueam
951 3394 1038 3460 illiue
1071 3395 1265 3478 captiuitatis
1298 3395 1348 3480 pio

226 3483 331 3566 dolore
352 3503 495 3565 lentatur.
519 3498 623 3564 Prima
646 3517 719 3583 ergo
742 3499 904 3565 seruitutis
928 3500 1024 3566 cauea
1045 3505 1209 3584 peccatam
1231 3504 1291 3578 eei
1314 3505 1351 3566 ub
1366 3523 1392 3565 eo

225 3605 318 3672 horno
349 3605 466 3670 homini
498 3603 687 3670 condicionis
720 3605 845 3670 uinculo
880 3605 1078 3682 subderetun
1108 3605 1192 3689 quod
1221 3625 1281 3672 non
1313 3606 1351 3671 fic

225 3709 285 3776 niei
316 3711 382 3776 Deo
412 3710 581 3789 iudicante,
612 3713 690 3794 aput
720 3730 813 3794 quem
846 3731 905 3777 non
937 3715 986 3776 eet
1016 3712 1166 3795 iniquitas
1199 3716 1231 3777 el
1260 3713 1350 3778 nouit

226 3815 365 3882 diuersae
383 3835 498 3900 poenae
515 3816 635 3883 meritis
654 3817 840 3882 distribuere
858 3817 1115 3900 delinquentium.
1135 3817 1226 3886 Sicut
1243 3821 1349 3884 aulem

226 3940 377 4004 supernae
408 3921 563 3989 Dominus
596 3922 686 3989 dicit:
718 3921 863 4001 Omnia,
896 3923 963 4006 qui
993 3923 1098 3989 iacit
1126 3927 1348 4010 peccatum,

226 4040 367 4093 cernae
400 4034 461 4093 eet
490 4030 659 4111 peccabi,
690 4047 726 4094 ac
755 4048 810 4113 per
841 4029 899 4094 hoc
931 4030 1024 4094 multi
1056 4030 1182 4113 quidem
1208 4029 1393 4115 religiosis

226 4131 358 4198 dominic
384 4134 513 4216 iniquis,
546 4153 605 4199 non
633 4139 736 4199 tamen
762 4134 870 4199 liberie
899 4136 1059 4200 seruiunt:
1091 4139 1118 4200 A
1145 4156 1219 4220 quo
1247 4136 1348 4201 enim

226 4237 315 4320 quie
343 4231 532 4303 <lenicius
555 4243 627 4316 cet,
653 4238 746 4304 huic
774 4245 979 4305 obseruas
1002 4241 1191 4308 addictus
1214 4243 1349 4307 ceillb

225 4342 332 4424 ubique
353 4342 477 4408 feliciae
501 4343 636 4410 cernitur
657 4344 784 4421 homini,
808 4365 901 4427 qnam
920 4345 1052 4422 libidini,
1071 4367 1143 4413 curn
1162 4349 1348 4413 saeuieeimo

226 4447 385 4513 dominatu
412 4452 518 4514 nantel
549 4449 641 4514 corda
668 4451 857 4530 mortalium,
885 4454 922 4516 ut
952 4453 1029 4516 aliae
1064 4454 1217 4532 omittam,
1247 4452 1348 4518 libido

312 4687 414 4744 chn.
433 4688 458 4754 9,
476 4689 511 4745 25
549 4691 581 4745 17
600 4691 668 4745 Dan.
687 4690 824 4761 9‚5eqq.
860 4691 1049 4757 2410.8‚34
1090 4693 1125 4746 26
1142 4694 1168 4746 2.
1186 4694 1258 4748 Petr.
1273 4697 1345 4757 219

260 4811 414 4867 lcondicio
432 4829 516 4881 aeque
533 4813 573 4868 aa
588 4817 722 4884 peccatori
739 4816 770 4869 in
787 4832 905 4885 maroc
973 4816 1042 4886 inre]
1060 4816 1173 4887 inciaco
1234 4818 1343 4873 8nnm·

225 4916 303 4969 quem
315 4901 360 4954 nel
376 4901 404 4954 in
423 4901 559 4970 scripturis
573 4920 595 4971 p
632 4903 665 4957 10
682 4905 870 4973 nominabaqne
882 4902 909 4973 9¹
963 4903 1035 4957 istnc
1053 4921 1104 4973 cm
1122 4903 1196 4958 lebni
1212 4922 1229 4959 c
1245 4905 1344 4961 Domo.

227 4986 395 5058 liccem
465 4991 725 5060 coneemabaninrp
796 4996 967 5046 eernantnrc
1012 4992 1044 5046 13
1063 4998 1090 5045 et
1108 4993 1214 5062 eemip
1267 4995 1299 5048 15
1317 4995 1344 5063 el

225 5077 289 5129 eta
359 5076 684 5146 ciamare.‚c‚·om.a
740 5081 940 5149 llpunianeq
991 5080 1200 5151 usupatione
1252 5081 1344 5137 aare·

224 5162 342 5217 cilinee¹
394 5164 429 5219 29
447 5163 539 5235 aliilq
