3217 6325
625 1304 652 1358 S.
679 1302 831 1357 Aurelii
856 1301 1068 1372 Augustini

728 1495 862 1562 CAPUT
884 1494 969 1560 XIIL

291 1638 424 1706 Contra
447 1638 656 1722 opinionem
679 1657 812 1713 eorum,
837 1637 899 1720 qni
925 1638 1059 1718 putant
1085 1636 1296 1704 criminosis
1324 1659 1408 1725 sup

355 1745 470 1828 plicia
491 1748 577 1827 post
598 1747 749 1809 mortem
773 1762 885 1809 causa
907 1743 1143 1828 purgationis
1166 1744 1344 1811 adhiberi.

333 1887 486 1953 Platonici
512 1886 649 1969 quidem,
673 1886 816 1970 quamuis
842 1886 985 1970 inpunita
1011 1886 1097 1951 nulla
1125 1886 1222 1952 uelint
1244 1906 1314 1954 essa
1336 1907 1406 1970 pec·

290 1996 369 2072 cata,
393 1995 496 2057 umen
528 2011 635 2058 omnes
664 2011 779 2075 poenas
806 1992 1014 2058 emendationi
1039 1991 1178 2057 adhiberi
1204 1995 1326 2075 putant,
1354 1994 1406 2059 uel
1438 2014 1453 2056 ι

289 2098 432 2164 humanis
463 2098 597 2163 inflictas
628 2098 752 2182 legibus
784 2100 837 2164 uel
862 2097 989 2179 diuinis,
1012 2099 1080 2164 siue
1106 2100 1136 2164 in
1163 2098 1222 2164 hac
1247 2099 1315 2163 uita
1337 2100 1407 2165 siue

289 2207 525 2286 postmortem,
549 2204 576 2268 si
598 2207 653 2269 aut
674 2207 818 2287 parcatur
839 2204 890 2270 hic
914 2205 1026 2287 cuique
1048 2207 1104 2269 ant
1123 2204 1169 2269 ita
1189 2204 1347 2288 plectatur
1370 2209 1408 2270 ut

289 2310 341 2375 hic
363 2330 423 2376 non
445 2310 625 2395 corrigatur.
651 2311 734 2375 Hinc
755 2314 804 2376 est
826 2310 962 2375 Maronis
983 2310 1039 2375 illa
1061 2311 1222 2387 sonantia,
1244 2310 1309 2389 ubi,
1332 2330 1405 2377 cum

290 2416 419 2481 dixisset
444 2415 482 2480 de
507 2416 638 2482 tarracia
660 2416 840 2500 corporibus
863 2415 1119 2499 moribundisque
1141 2415 1299 2494 membris,
1322 2416 1406 2499 quod

290 2540 409 2588 animae
1424 2542 1452 2585 a

419 2669 495 2729 Hinc
517 2670 649 2729 metuunt
670 2669 853 2745 cupiuntque,
877 2668 977 2728 dolent
997 2668 1189 2744 gaudentque,

1018 2774 1072 2817 nec
1093 2773 1177 2816 auras

420 2846 593 2921 Suspiciunt,
617 2846 731 2907 clausae
753 2846 878 2905 tenebris
901 2848 931 2905 et
952 2862 1064 2905 carcerc
1087 2862 1181 2915 caeco,

291 2984 419 3047 secutus
442 2981 581 3048 adiunxit
602 2981 703 3065 adque
725 2982 781 3047 uit:

421 3126 496 3198 Quin
519 3129 548 3187 et
568 3144 699 3203 supremo
722 3144 785 3186 cunr
806 3126 913 3186 lumine
934 3126 996 3186 uita
1016 3126 1131 3202 reliquit

291 3263 336 3350 (iol
360 3266 409 3328 est
430 3282 501 3328 cum
523 3263 573 3328 die
595 3263 766 3330 nouissimo
788 3262 916 3345 reliquit
937 3282 989 3328 eas
1012 3264 1074 3328 ista
1095 3262 1186 3348 uita),

420 3409 485 3469 Non
509 3412 602 3469 umen
625 3409 740 3484 (inquit)
763 3425 845 3468 omne
867 3408 973 3468 malum
995 3408 1117 3479 miseris,
1140 3424 1194 3467 nec

1015 3496 1145 3556 funditus
1167 3513 1265 3556 omnes

421 3587 577 3660 corporeae
600 3587 741 3645 excedunt
761 3588 869 3661 pestes,
891 3585 1062 3661 penitusque
1084 3602 1201 3645 necesso
1224 3588 1269 3644 est

349 3717 352 3726 .
419 3675 510 3734 llolta
531 3674 580 3734 (liu
602 3677 735 3734 concreta
756 3675 848 3734 modis
869 3674 1024 3734 inolescere
1046 3674 1136 3738 miris
1420 3693 1447 3733 so

419 3764 494 3837 Ergo
517 3767 681 3822 exercentur
701 3764 801 3838 poenis
823 3767 1007 3839 netarumque
1029 3762 1169 3821 malornm

420 3851 565 3927 Supplicia
586 3853 761 3927 expendunt;
784 3852 857 3911 aliae
879 3853 1044 3926 panduntur
1064 3851 1164 3911 ἰιιιιιιι

419 3942 579 4014 suspensae
602 3941 638 3998 acl
661 3943 772 4011 uentos,
796 3940 861 3998 aliis
883 3942 936 3999 snb
959 3940 1074 4014 gurgite
1096 3941 1178 3998 uasto

419 4029 561 4088 Iniecturn
580 4028 687 4088 eluitur
709 4029 802 4088 scelus
826 4030 876 4087 aut
898 4029 1024 4087 exuritur
1045 4028 1114 4102 igni.

292 4162 352 4242 Qui
373 4165 431 4228 hoc
455 4163 627 4245 opinantur,
647 4165 748 4228 nullos
770 4183 885 4246 poenas
907 4164 966 4229 nisi
990 4163 1183 4248 purgatorias
1205 4164 1316 4229 uolunt
1333 4183 1402 4230 csse
1420 4183 1447 4225 ιι

291 4272 520 4352 postmortem,
538 4273 584 4346 ut,
603 4271 746 4352 quonlam
764 4271 855 4335 terris
874 4270 1032 4352 superiora
1049 4273 1122 4335 sunt
1139 4269 1291 4335 elementa
1311 4289 1402 4357 aqua,

292 4394 352 4455 aer,
374 4374 467 4457 ignis,
486 4393 521 4440 ex
543 4375 646 4458 aliquo
669 4377 798 4441 istorum
821 4376 988 4441 mundetur
1005 4395 1059 4460 per
1076 4376 1259 4459 expiatorias
1277 4395 1403 4459 poenas,

292 4479 373 4563 quod
394 4482 513 4547 terrena
535 4481 715 4565 contagione
738 4485 930 4546 contractum
952 4484 1009 4547 ast.
1034 4483 1096 4547 Aer
1117 4483 1230 4566 quippe
1251 4481 1404 4564 accipitur

291 4587 322 4650 in
347 4605 381 4651 oo
405 4586 487 4668 quod
510 4586 567 4652 ait:
590 4587 775 4670 ‘Suspensas
799 4587 838 4651 sd
860 4590 992 4665 uentos';
1022 4607 1102 4671 aqua
1123 4589 1154 4652 in
1177 4606 1213 4653 eo
1236 4586 1320 4671 quod
1343 4588 1402 4653 ait:

378 4795 413 4848 24
431 4796 495 4851 len.
514 4794 559 4859 VI,
578 4795 629 4849 733
647 4803 704 4866 sqq.

258 4906 262 4915 '
329 4917 832 4989 11dolentq;.q;m.2'isseroam.9
885 4922 917 4975 13
934 4922 1083 4992 suscipiunt
1096 4938 1117 4988 p
1187 4936 1286 4985 caecos
1305 4937 1320 4974 o
1339 4937 1402 4976 au

292 5022 400 5074 comp
463 5006 494 5058 14
513 5004 598 5072 adque
616 5007 749 5060 coniunxit
768 5007 923 5077 adq;aitp
985 5012 1017 5064 15
1036 5023 1148 5078 quomo
1213 5011 1244 5063 17
1264 5011 1404 5078 omnerirg

293 5095 325 5149 19
344 5094 473 5148 excedunt
490 5112 504 5148 ι
509 5111 527 5163 p
531 5079 567 5162 p}
585 5095 710 5149 excedent
725 5112 742 5149 c
760 5096 855 5150 Domo.
908 5098 942 5152 20
961 5101 1122 5170 congregata
1137 5115 1156 5167 g
1199 5100 1232 5152 29
1251 5099 1402 5169 Suspensae

291 5198 374 5252 usquc
392 5181 430 5236 od
447 5182 486 5236 ait
502 5198 583 5236 onae
