3217 6325
285 1301 349 1364 538
625 1296 652 1351 S.
678 1296 832 1350 Aurelii
858 1295 1069 1365 Augustini

285 1511 395 1575 pomm
431 1509 559 1556 suorum
595 1490 730 1555 uinculis
761 1489 972 1556 insolubiliter
1001 1489 1153 1573 adligari?
1187 1487 1413 1555 Adhaerebunt

258 1616 369 1683 ergo,
402 1598 429 1663 si
461 1598 506 1662 eis
538 1597 625 1661 nulla
652 1599 726 1662 sunt
754 1615 891 1680 corpora,
924 1596 1052 1680 spiritus
1084 1596 1279 1672 daemonum,
1311 1597 1410 1662 immo

285 1704 414 1786 spiritus
437 1702 612 1781 daemones,
635 1702 711 1767 iicet
732 1702 904 1786 incorporei
922 1702 1077 1786 corporeis
1094 1702 1221 1785 ignibus
1240 1702 1410 1778 cruciandi,

283 1829 343 1875 non
366 1813 403 1875 ut
423 1810 512 1894 ignes
534 1809 607 1892 ipsi,
635 1808 749 1891 quibus
771 1808 994 1884 adhaerebunt,
1017 1828 1123 1873 eorum
1145 1810 1292 1874 iunctura
1313 1808 1410 1890 inspi-

284 1918 390 1980 rentur
412 1919 444 1981 et
462 1914 607 1980 animalia
624 1914 709 1992 fiant,
733 1933 813 1997 quae
836 1916 980 1980 constent
997 1915 1109 1997 spiritu
1127 1917 1161 1979 ot
1177 1932 1314 1998 corpore,
1341 1912 1408 1991 sed,
1442 1934 1456 1976 s

284 2024 322 2086 ιιι
347 2021 420 2099 dixi,
446 2022 533 2087 miris
561 2025 593 2087 et
618 2021 829 2087 ineffabilibus
856 2019 957 2086 modis
985 2019 1188 2099 adhaerendo,
1220 2021 1409 2103 accipientes

284 2146 320 2192 en
349 2127 476 2213 ignibus
503 2146 643 2212 poenam,
675 2146 735 2192 non
766 2126 874 2192 dantes
897 2126 1025 2211 ignibus
1048 2127 1161 2204 uitam;
1194 2127 1268 2209 quia
1293 2130 1326 2192 et
1347 2127 1409 2190 iste

285 2234 365 2299 alius
397 2234 518 2309 modus,
550 2253 611 2317 quo
643 2233 826 2318 corporibus
852 2233 1022 2298 adhaerent
1047 2234 1177 2316 spiritns
1204 2236 1237 2298 ot
1263 2232 1410 2297 animalia

283 2338 371 2418 fiunt
400 2340 524 2405 omniuo
551 2341 650 2405 minue
682 2344 732 2407 est
757 2359 814 2405 noc
841 2338 1048 2423 conprehendi
1074 2340 1113 2404 ab
1141 2339 1265 2405 homine
1291 2342 1409 2423 potest,

284 2449 317 2511 et
338 2446 397 2511 boo
419 2446 488 2529 ipse
510 2445 603 2512 homo
626 2450 685 2511 est
1428 2467 1456 2507 no

327 2550 470 2617 Dicerem
494 2551 618 2635 quidem
642 2552 688 2617 sic
711 2571 835 2618 arsuros
859 2553 925 2620 sine
947 2554 1013 2618 ullo
1037 2572 1094 2618 suo
1117 2571 1245 2636 corpore
1267 2551 1409 2636 spiritus,

283 2658 366 2724 siout
393 2659 521 2724 ardebat
547 2663 624 2742 aput
649 2658 763 2725 inferos
790 2659 845 2725 ille
872 2659 972 2735 diues,
1005 2659 1127 2742 quando
1155 2658 1292 2724 dicebat:
1325 2656 1410 2725 Cru-

284 2763 362 2828 oior
387 2764 422 2828 in
450 2763 519 2830 bac
541 2764 699 2843 flamma,
726 2764 788 2829 nisi
812 2766 1030 2830 conuenienter
1051 2764 1231 2849 responderi
1253 2783 1410 2829 cernerem

282 2869 377 2934 talam
408 2869 508 2935 fuisse
539 2869 625 2934 illam
657 2870 823 2949 flammam,
859 2872 968 2953 quales
1000 2870 1083 2935 oculi
1115 2889 1194 2952 qnos
1225 2870 1348 2935 leuauit
1378 2875 1410 2936 et

282 2976 433 3041 Lazarum
456 2975 546 3054 uiuit,
570 2976 672 3058 qualis
694 2977 802 3061 lingua
825 2976 876 3041 cui
895 2996 1032 3042 umorem
1051 2978 1199 3062 exiguum
1218 2976 1412 3042 desiderauit
1428 2996 1456 3039 na

283 3081 414 3155 infundi,
442 3080 545 3165 qualis
573 3081 692 3167 digitus
715 3082 822 3146 Lazari
846 3082 884 3147 de
907 3101 969 3166 quo
991 3081 1024 3146 id
1047 3083 1107 3147 sibi
1129 3082 1197 3147 fieri
1217 3083 1409 3167 postulauit;

282 3189 338 3253 ubi
361 3193 464 3253 tamen
488 3191 576 3253 erant
597 3189 664 3254 sinc
687 3189 869 3273 corporibus
892 3189 1023 3255 animae.
1042 3189 1094 3255 Sic
1114 3209 1186 3275 ergo
1205 3189 1409 3274 incorporalis

283 3299 316 3360 et
345 3296 399 3360 illa
430 3294 556 3359 flamma
587 3314 649 3377 qua
678 3295 793 3359 exarsit
823 3297 855 3361 ct
884 3295 941 3360 illa
971 3297 1099 3380 guttula
1129 3316 1222 3379 quam
1253 3297 1409 3382 poposcit,

286 3402 390 3485 quaiia
412 3404 486 3466 sunt
508 3402 601 3466 etiarn
625 3401 694 3466 uisa
712 3399 930 3467 dormientium
950 3402 1017 3468 siue
1035 3403 1065 3467 in
1085 3403 1199 3468 ecstasi
1217 3405 1410 3470 cernentium

282 3527 332 3572 res
368 3507 588 3590 incorporales,
629 3506 779 3571 babentes
819 3510 922 3571 tamen
958 3507 1198 3573 similitudinem
1234 3527 1408 3592 corporum.
1426 3534 1455 3579 ao

282 3612 364 3677 Nam
388 3616 420 3677 et
442 3613 510 3695 ipse
533 3613 626 3677 bomo
650 3631 722 3677 oum
749 3613 872 3697 spiritu,
904 3632 963 3678 non
992 3632 1129 3698 corpore,
1163 3614 1261 3680 sitin
1290 3614 1409 3680 talibus

283 3719 372 3796 uisis,
395 3719 441 3782 ita
463 3737 496 3783 se
519 3721 623 3783 tamen
646 3721 721 3783 tuno
745 3718 880 3783 similem
904 3737 961 3784 suo
985 3720 1107 3801 corpori
1125 3718 1222 3795 uidet,
1240 3724 1278 3784 ιιι
1295 3718 1410 3784 discer-

283 3844 354 3890 nere
386 3825 511 3890 omnino
542 3845 601 3890 non
629 3826 738 3909 possit.
769 3826 813 3890 ut
837 3843 913 3890 nero
940 3826 1082 3910 gebenna
1107 3826 1171 3903 illa,
1204 3825 1409 3908 quodetiam

284 3936 430 4017 stagnum
457 3930 539 4017 ignis
571 3924 789 4015 et'sulpburie
817 3932 935 3998 dictum
965 3935 1023 4011 ost,
1051 3951 1218 4014 corporeus
1245 3933 1328 4017 ignis
1351 3932 1412 3997 erit

284 4043 315 4103 et
338 4037 491 4104 cruciabit
512 4056 639 4121 corpora
662 4038 887 4116 damnatorum,
916 4041 971 4104 aut
994 4042 1027 4105 et
1046 4038 1208 4104 hominum
1232 4043 1264 4103 et
1286 4037 1410 4104 daemo·
1427 4060 1454 4103 no

283 4164 369 4223 num,
391 4144 493 4210 solida
515 4144 687 4222 hominum,
711 4145 793 4209 aeria
817 4144 1012 4222 daemonum,
1032 4148 1087 4209 out
1104 4146 1227 4208 tantum
1247 4144 1410 4208 hominum

284 4268 412 4332 corpora
442 4269 513 4315 oum
545 4249 718 4333 spiritibus,
751 4249 917 4315 daemones
949 4254 1054 4314 autem
1085 4249 1215 4334 spiritus
1247 4249 1314 4314 eine
1344 4266 1410 4314 cor-

282 4357 411 4440 poribus
442 4357 604 4422 haerentes
637 4356 787 4422 eumendo
819 4375 960 4440 poenam,
992 4376 1051 4422 non
1083 4354 1277 4439 inpertiendo
1308 4354 1410 4419 uitam

373 4548 405 4601 12
417 4546 468 4601 Lo.
488 4546 529 4611 lo,
547 4547 582 4600 24
635 4547 668 4602 23
687 4546 769 4617 Apoc.
788 4547 832 4610 20,
853 4547 885 4601 10

319 4653 336 4707 3
354 4654 488 4723 corporeis
506 4669 556 4708 om.
576 4653 591 4706 b
676 4652 811 4706 cruciandi
830 4651 1049 4724 obeppp²n05
1068 4651 1247 4706 cruciantibus
1266 4650 1292 4721 ρ1
1310 4650 1409 4706 Domb.

286 4740 469 4796 bdiximusb
525 4743 557 4794 12
576 4745 640 4810 aput
658 4740 757 4795 inferos
776 4756 859 4796 onus
915 4743 945 4796 13
964 4740 1202 4796 conuenientamb
1268 4739 1410 4794 cernereb

287 4831 318 4884 15
338 4829 503 4884 desiderabit
520 4829 545 4882 c¹
622 4830 653 4885 16
673 4830 765 4898 quales
781 4847 799 4899 p
875 4831 908 4884 19
927 4832 1007 4884 etiarn
1026 4832 1123 4883 sunto
1197 4830 1229 4882 21
1251 4829 1297 4897 qui
1315 4827 1411 4882 cumb

285 4919 322 4972 sit
338 4919 501 4973 uitalibusd
563 4918 597 4972 22
617 4920 760 4989 corporeb
823 4920 858 4974 28
875 4920 922 4989 At]
943 4920 1024 4974 autb
1079 4921 1116 4974 24
1134 4922 1162 4974 et
1180 4918 1412 4989 suiph....ignis

285 5007 371 5061 orob
441 5008 575 5078 eulpbcria
591 5026 624 5078 95
641 5008 789 5079 sulpurisp
861 5006 961 5062 diotunn
981 5013 1021 5061 est
1040 5024 1124 5078 osup
1180 5008 1214 5062 25
1233 5011 1261 5060 et
1278 5006 1360 5074 bomss]
1379 5022 1412 5060 ex

285 5096 437 5150 omniurnb
499 5096 702 5168 etdacrpouum
720 5098 805 5152 onnb
859 5097 893 5151 26
912 5097 1002 5150 aerib
1055 5098 1088 5150 27
1108 5112 1235 5151 enmono.
1253 5096 1278 5148 e¹
1345 5093 1410 5148 dae·

285 5185 426 5312 mopumb
479 5184 512 5239 28
531 5183 704 5255 pertiendob
