3217 6325
279 1278 343 1340 560
612 1272 638 1325 S.
666 1265 818 1324 Aurelii
846 1267 1058 1338 Augustini

277 1465 371 1531 tionis
394 1466 626 1550 persuasionem
649 1464 760 1540 fecere,
779 1467 816 1528 ut
838 1462 876 1527 ds
897 1461 968 1546 ipsa
989 1479 1112 1545 quoque
1131 1460 1199 1525 uita
1218 1460 1270 1525 uel
1289 1458 1398 1542 despe

278 1573 363 1635 retur
384 1571 436 1635 uel
459 1570 620 1635 dubitetur
642 1571 776 1634 aeterna.

321 1676 419 1741 Nemo
441 1677 547 1759 itaquo
570 1675 616 1740 sic
638 1673 802 1758 intellegat
822 1675 979 1757 psalmum
1002 1675 1177 1740 canentem:
1209 1671 1397 1757 Numquid

279 1778 529 1848 obliuiscetur
551 1781 717 1847 misereri
738 1781 850 1858 Deus,
874 1783 937 1846 aut
959 1780 1169 1845 continebit
1189 1778 1226 1844 in
1248 1778 1304 1844 ira
1331 1796 1398 1843 sua

279 1888 538 1953 miserationes
560 1890 668 1953 suas?
690 1889 728 1952 ut
750 1886 894 1970 opinetur
916 1886 954 1951 de
972 1885 1151 1952 hominibus
1169 1884 1261 1951 bonis
1280 1903 1396 1961 nomm,
1426 1902 1440 1944 s

279 1992 317 2059 do
349 1993 439 2059 malis
469 1994 591 2071 falsam,
618 1997 674 2058 aut
700 1992 738 2057 de
764 1992 855 2059 bonis
886 1992 1065 2058 hominibus
1097 1995 1130 2057 et
1159 1991 1251 2056 malis
1278 1990 1399 2076 angelis

278 2118 395 2177 ueram,
414 2098 561 2164 damulis
584 2101 688 2163 autem
711 2097 889 2163 homiuibus
907 2095 1018 2164 falsum
1036 2097 1096 2162 Dei
1113 2115 1182 2161 esse
1201 2097 1399 2162 sententiam.

278 2206 347 2270 Hoc
374 2204 465 2278 enim.
489 2204 572 2287 quod
598 2204 644 2269 ait
668 2204 821 2289 psalmus,
844 2202 990 2271 aduaea
1010 2202 1242 2268 misericordiae
1265 2204 1398 2285 pertinet

279 2313 313 2375 ot
338 2309 377 2375 ad
404 2309 485 2374 filios
511 2310 737 2393 promissionis,
761 2328 894 2393 quorum
920 2312 988 2374 orat
1012 2329 1095 2376 uuus
1121 2310 1216 2376 mam
1238 2309 1307 2391 ipso
1330 2329 1396 2391 pro-

280 2416 384 2500 pheta,
407 2416 461 2499 qui
484 2434 555 2482 cum
580 2416 720 2481 dixisset:
745 2414 932 2500 Numquid
955 2416 1207 2482 obliuiscetur
1227 2415 1398 2481 miserari
1416 2434 1442 2473 r·

279 2520 378 2586 Dens
410 2525 474 2587 eut
504 2522 714 2587 continebit
745 2523 779 2587 in
812 2522 867 2586 ira
898 2540 964 2588 sua
994 2522 1259 2587 miserationes
1291 2525 1399 2586 suas?

280 2628 426 2693 continuo
449 2627 598 2693 subiecit:
629 2628 674 2693 ut
701 2628 790 2693 dixi:
822 2627 927 2693 Nunc
953 2628 1069 2711 coepi,
1092 2627 1181 2691 haec
1208 2630 1266 2692 est
1287 2627 1399 2692 inmu-

279 2733 374 2799 tatio
406 2733 576 2797 dexterae
608 2734 764 2800 ldxcelsi.
799 2733 952 2817 Exposuit
985 2734 1125 2816 protecto
1162 2731 1237 2816 quid
1273 2732 1398 2798 dixerit:

279 2838 464 2921 Numquid
496 2839 704 2905 continebit
734 2840 769 2905 in
800 2841 855 2905 ira
890 2858 956 2905 sua
990 2839 1254 2905 miserationes
1291 2844 1399 2905 suas?

279 2945 330 3010 lra
351 2944 433 3010 enim
455 2945 514 3010 Dei
537 2947 587 3010 ost
608 2947 702 3010 etiarn
724 2946 788 3012 ista
809 2946 877 3010 uita
898 2947 1050 3024 mortalis,
1072 2947 1127 3012 ubi
1149 2947 1242 3012 homo
1265 2946 1400 3011 uanitati
1417 2961 1442 3003 u

274 3050 394 3136 similis
416 3051 518 3118 tactus
541 3055 605 3116 est:
627 3051 694 3118 dies
716 3052 786 3117 eius
809 3052 899 3117 uelut
919 3052 1030 3118 umbra
1051 3057 1257 3136 praetereunt
1280 3054 1316 3119 In
1339 3071 1401 3134 qua

279 3159 382 3224 tumen
416 3157 464 3223 ira
498 3176 558 3222 uon
594 3157 794 3226 obliuiscitur
823 3158 962 3225 misereri
993 3158 1091 3238 Deus,
1122 3159 1264 3226 faciendo
1301 3162 1400 3226 solem

282 3281 374 3328 suurn
397 3263 470 3328 oriri
493 3281 587 3346 super
609 3263 707 3330 bonos
730 3265 885 3331 etmalos
908 3270 940 3329 et
961 3266 1097 3348 pluendo
1121 3285 1215 3349 super
1238 3266 1341 3333 iustos
1369 3272 1402 3333 et

280 3369 425 3448 iniustos,
452 3387 489 3434 ac
515 3369 561 3434 sic
587 3388 648 3435 nou
676 3370 815 3436 continet
843 3371 875 3435 in
907 3371 954 3435 ira
984 3391 1042 3437 sua
1067 3373 1283 3460 miserationes
1310 3392 1400 3448 auam

281 3475 474 3558 maximeque
496 3473 528 3540 iu
551 3493 598 3553 eo,
617 3473 700 3557 quod
723 3476 876 3560 expressit
895 3477 947 3542 hic
969 3478 1111 3561 psalmus
1129 3477 1273 3545 dicendo:
1296 3478 1402 3544 Nunc
1418 3490 1444 3535 ἢ

282 3582 396 3663 coepi,
423 3581 514 3646 haec
546 3584 605 3646 ost
633 3580 834 3648 inmutatio
866 3582 1036 3648 dexterae
1066 3583 1225 3662 Excolat
1254 3586 1401 3666 quoniam

281 3688 312 3752 in
331 3687 389 3751 hac
405 3687 474 3770 ipsa
491 3687 767 3754 aerumnosissima
778 3687 861 3760 uita,
876 3706 955 3771 quae
973 3689 1020 3754 ira
1031 3690 1091 3754 Dei
1109 3693 1168 3767 est,
1188 3708 1264 3754 nasa
1281 3691 1402 3755 miseri·

282 3792 404 3858 cordiae
425 3795 528 3856 mutet
548 3792 579 3856 in
601 3794 725 3871 melius,
744 3795 890 3876 quamuis
911 3794 1013 3859 adhuc
1030 3797 1061 3859 iu
1079 3795 1175 3861 huius
1195 3797 1402 3878 comuptionis

282 3899 407 3963 miseria
438 3906 560 3963 maneat
589 3899 636 3964 ira
667 3898 745 3976 eius,
773 3900 848 3982 quie
873 3918 930 3964 nec
956 3901 988 3964 in
1014 3900 1084 3982 ipsa
1109 3901 1155 3966 1η
1182 3920 1240 3966 sua
1263 3902 1403 3967 continet

283 4005 496 4069 miserationes
528 4023 609 4070 suas.
646 4005 724 4071 Cum
755 4025 830 4092 ergo
861 4006 923 4071 isto
954 3998 1048 4071 modo
1084 4008 1266 4091 conpleatur
1301 4007 1401 4073 diuini
1418 4020 1444 4062 ¹⁶

282 4110 369 4175 illius
401 4102 512 4175 cantici
540 4111 667 4189 ueritus,
690 4131 750 4176 non
778 4114 828 4176 est
854 4130 923 4176 eum
949 4130 1078 4177 necessa
1105 4114 1200 4177 etiam
1222 4113 1289 4178 illic
1312 4114 1402 4178 intel·

282 4216 357 4299 legi,
384 4213 438 4279 ubi
464 4233 525 4281 non
550 4217 740 4298 pertinentes
767 4217 806 4281 ad
833 4217 994 4283 ciuitatem
1020 4217 1079 4282 Dei
1111 4219 1299 4302 sempiterno
1330 4239 1402 4303 sup-

283 4322 376 4405 plicio
404 4322 580 4406 punientur.
618 4320 680 4389 Sed
707 4323 821 4405 quibus
848 4324 952 4405 placet
976 4323 1068 4389 istam
1093 4326 1279 4390 sententiam
1301 4345 1402 4408 usque

284 4427 322 4491 ud
349 4427 405 4493 illa
429 4427 583 4510 inpiorum
610 4431 765 4494 tormenta
786 4428 979 4512 protendere,
1004 4431 1114 4494 saltem
1139 4431 1185 4495 sio
1207 4431 1402 4515 intellegent,

284 4536 321 4596 nt
348 4537 489 4598 manente
515 4533 546 4598 in
575 4535 620 4598 eis
646 4535 782 4614 irenei,
805 4555 885 4618 quae
910 4537 940 4599 in
969 4540 1092 4601 aeterno
1116 4540 1165 4601 ost
1179 4537 1403 4620 'praenuntiata
1419 4549 1444 4590 ω

372 4757 450 4812 31³s.
470 4758 512 4824 76,
531 4759 564 4813 10
619 4757 708 4815 1011).
728 4760 758 4814 ll
817 4761 848 4814 17
867 4760 915 4814 ut
934 4763 960 4824 5,
978 4763 1012 4816 45

319 4880 403 4933 tona
419 4881 505 4936 om.b
558 4881 785 4937 5misericordiae
805 4902 822 4935 a
877 4884 906 4937 ll
927 4883 1121 4937 misericordias
1134 4883 1195 4953 p¹u
1250 4885 1282 4938 12
1302 4884 1403 4954 dixitp

286 4967 435 5036 estloosp
480 4968 513 5023 13
532 4968 577 5038 qui
595 4969 620 5022 e¹
666 4971 698 5024 14
717 4986 765 5023 sua
782 4969 903 5024 ous.bu²
949 4973 981 5025 15
999 4972 1161 5040 nanitetisq
1206 4973 1237 5026 16
1257 4971 1315 5026 dies
1329 4989 1403 5041 epm

286 5060 314 5109 ot
332 5054 422 5108 diosa
487 5057 518 5110 17
538 5056 711 5112 obliuiscetur
726 5075 770 5127 pp
835 5058 866 5111 19
885 5074 934 5112 suu
951 5074 1001 5112 on.
1021 5078 1038 5109 α
1100 5060 1133 5112 22
1151 5059 1191 5113 ira
1208 5057 1251 5112 dei
1270 5065 1312 5113 eet
1330 5064 1404 5114 sn2

285 5159 316 5197 sss
333 5158 421 5199 reae
