<?xml version="1.0" encoding="UTF-8"?>
<!DOCTYPE html PUBLIC "-//W3C//DTD XHTML 1.0 Transitional//EN"
    "http://www.w3.org/TR/xhtml1/DTD/xhtml1-transitional.dtd">
<html xmlns="http://www.w3.org/1999/xhtml" xml:lang="en" lang="en">
 <head>
  <title>
</title>
<meta http-equiv="Content-Type" content="text/html;charset=utf-8" />
  <meta name='ocr-system' content='tesseract 3.04.00' />
  <meta name='ocr-capabilities' content='ocr_page ocr_carea ocr_par ocr_line ocrx_word'/>
</head>
<body>
  <div class='ocr_page' id='page_1' title='image "./sanctiavreliiav00hoffgoog_0480.png"; bbox 0 0 3217 6325; ppageno 0'>
   <div class='ocr_carea' id='block_1_1' title="bbox 295 1274 1086 1344">
    <p class='ocr_par' dir='ltr' id='par_1_1' title="bbox 295 1274 1086 1344">
     <span class='ocr_line' id='line_1_1' title="bbox 295 1274 1086 1344; baseline -0.019 -2"><span class='ocrx_word' id='word_1_1' title='bbox 295 1277 359 1341; x_wconf 82' lang='grc'><strong>466</strong></span> <span class='ocrx_word' id='word_1_2' title='bbox 638 1276 665 1332; x_wconf 77' lang='lat'><strong>8.</strong></span> <span class='ocrx_word' id='word_1_3' title='bbox 693 1274 848 1329; x_wconf 74' lang='lat' dir='ltr'><strong>Aurelii</strong></span> <span class='ocrx_word' id='word_1_4' title='bbox 875 1274 1086 1344; x_wconf 77' lang='lat' dir='ltr'><strong>Augustini</strong></span> 
     </span>
    </p>
   </div>
   <div class='ocr_carea' id='block_1_2' title="bbox 295 1466 1428 1869">
    <p class='ocr_par' dir='ltr' id='par_1_2' title="bbox 295 1466 1428 1869">
     <span class='ocr_line' id='line_1_2' title="bbox 296 1466 1426 1551; baseline -0.001 -18"><span class='ocrx_word' id='word_1_5' title='bbox 296 1468 414 1533; x_wconf 82' lang='lat' dir='ltr'>dicere:</span> <span class='ocrx_word' id='word_1_6' title='bbox 446 1468 492 1533; x_wconf 84' lang='lat' dir='ltr'><strong>lit</strong></span> <span class='ocrx_word' id='word_1_7' title='bbox 519 1487 622 1533; x_wconf 89' lang='lat' dir='ltr'><strong>mare</strong></span> <span class='ocrx_word' id='word_1_8' title='bbox 649 1467 724 1532; x_wconf 89' lang='lat' dir='ltr'><strong>iarn</strong></span> <span class='ocrx_word' id='word_1_9' title='bbox 748 1487 821 1533; x_wconf 93' lang='lat' dir='ltr'><strong>non</strong></span> <span class='ocrx_word' id='word_1_10' title='bbox 849 1471 920 1545; x_wconf 86' lang='lat' dir='ltr'><strong>est,</strong></span> <span class='ocrx_word' id='word_1_11' title='bbox 948 1466 986 1532; x_wconf 91' lang='lat' dir='ltr'><strong>de</strong></span> <span class='ocrx_word' id='word_1_12' title='bbox 1010 1486 1076 1551; x_wconf 85' lang='lat' dir='ltr'><strong>quo.</strong></span> <span class='ocrx_word' id='word_1_13' title='bbox 1095 1487 1190 1551; x_wconf 89' lang='lat' dir='ltr'><strong>snpra</strong></span> <span class='ocrx_word' id='word_1_14' title='bbox 1212 1467 1346 1533; x_wconf 76' lang='lat' dir='ltr'><strong>dixerat:</strong></span> <span class='ocrx_word' id='word_1_15' title='bbox 1379 1468 1426 1533; x_wconf 81' lang='lat' dir='ltr'><strong>lit</strong></span> 
     </span>
     <span class='ocr_line' id='line_1_3' title="bbox 296 1573 1425 1656; baseline 0.001 -18"><span class='ocrx_word' id='word_1_16' title='bbox 296 1573 483 1639; x_wconf 84' lang='lat' dir='ltr'><strong>exhibuit</strong></span> <span class='ocrx_word' id='word_1_17' title='bbox 515 1577 694 1638; x_wconf 85' lang='lat' dir='ltr'><strong>mortuos</strong></span> <span class='ocrx_word' id='word_1_18' title='bbox 722 1592 836 1651; x_wconf 78' lang='lat' dir='ltr'><strong>mare,</strong></span> <span class='ocrx_word' id='word_1_19' title='bbox 871 1573 1002 1656; x_wconf 92' lang='lat' dir='ltr'><strong>quiin</strong></span> <span class='ocrx_word' id='word_1_20' title='bbox 1032 1592 1073 1638; x_wconf 89' lang='lat' dir='ltr'><strong>eo</strong></span> <span class='ocrx_word' id='word_1_21' title='bbox 1097 1576 1220 1639; x_wconf 87' lang='lat' dir='ltr'><strong>erant.</strong></span> <span class='ocrx_word' id='word_1_22' title='bbox 1251 1574 1317 1639; x_wconf 91' lang='lat' dir='ltr'><strong>Iam</strong></span> <span class='ocrx_word' id='word_1_23' title='bbox 1342 1575 1425 1639; x_wconf 94' lang='lat' dir='ltr'><strong>enim</strong></span> 
     </span>
     <span class='ocr_line' id='line_1_4' title="bbox 295 1679 1428 1745; baseline 0.002 -2"><span class='ocrx_word' id='word_1_24' title='bbox 295 1683 370 1744; x_wconf 93' lang='lat' dir='ltr'><strong>tunc</strong></span> <span class='ocrx_word' id='word_1_25' title='bbox 402 1699 461 1743; x_wconf 94' lang='lat' dir='ltr'><strong>non</strong></span> <span class='ocrx_word' id='word_1_26' title='bbox 495 1681 554 1744; x_wconf 90' lang='lat' dir='ltr'><strong>erit</strong></span> <span class='ocrx_word' id='word_1_27' title='bbox 581 1681 641 1745; x_wconf 94' lang='lat' dir='ltr'><strong>hoc</strong></span> <span class='ocrx_word' id='word_1_28' title='bbox 668 1679 829 1745; x_wconf 92' lang='lat' dir='ltr'><strong>saeculnm</strong></span> <span class='ocrx_word' id='word_1_29' title='bbox 857 1680 924 1744; x_wconf 90' lang='lat' dir='ltr'><strong>uita</strong></span> <span class='ocrx_word' id='word_1_30' title='bbox 950 1680 1132 1745; x_wconf 75' lang='lat' dir='ltr'><strong>mortalium</strong></span> <span class='ocrx_word' id='word_1_31' title='bbox 1155 1680 1372 1745; x_wconf 87' lang='lat' dir='ltr'><strong>turbulentum</strong></span> <span class='ocrx_word' id='word_1_32' title='bbox 1395 1686 1428 1745; x_wconf 89' lang='lat' dir='ltr'><strong>et</strong></span> 
     </span>
     <span class='ocr_line' id='line_1_5' title="bbox 296 1783 1070 1869; baseline 0.004 -21"><span class='ocrx_word' id='word_1_33' title='bbox 296 1784 516 1868; x_wconf 78' lang='lat' dir='ltr'><strong>procellosum,</strong></span> <span class='ocrx_word' id='word_1_34' title='bbox 540 1784 623 1867; x_wconf 92' lang='lat' dir='ltr'><strong>qnod</strong></span> <span class='ocrx_word' id='word_1_35' title='bbox 646 1784 740 1849; x_wconf 84' lang='lat' dir='ltr'><strong>maris</strong></span> <span class='ocrx_word' id='word_1_36' title='bbox 764 1785 888 1849; x_wconf 91' lang='lat' dir='ltr'><strong>nomine</strong></span> <span class='ocrx_word' id='word_1_37' title='bbox 910 1783 1070 1869; x_wconf 80' lang='lat' dir='ltr'><strong>figurabit.</strong></span> 
     </span>
    </p>
   </div>
   <div class='ocr_carea' id='block_1_3' title="bbox 298 1975 1471 2201">
    <p class='ocr_par' dir='ltr' id='par_1_3' title="bbox 298 1975 1471 2201">
     <span class='ocr_line' id='line_1_6' title="bbox 733 1975 1471 2074; baseline -0.005 -32"><span class='ocrx_word' id='word_1_38' title='bbox 733 1975 868 2042; x_wconf 76' lang='lat' dir='ltr'><strong>CAPUT</strong></span> <span class='ocrx_word' id='word_1_39' title='bbox 890 1975 992 2041; x_wconf 86' lang='lat' dir='ltr'><strong>XVII.</strong></span> <span class='ocrx_word' id='word_1_40' title='bbox 1459 2032 1471 2074; x_wconf 42' lang='grc' dir='ltr'><strong><em>Β</em></strong></span> 
     </span>
     <span class='ocr_line' id='line_1_7' title="bbox 298 2115 1427 2201; baseline 0.001 -18"><span class='ocrx_word' id='word_1_41' title='bbox 298 2118 351 2183; x_wconf 88' lang='lat' dir='ltr'><strong>De</strong></span> <span class='ocrx_word' id='word_1_42' title='bbox 380 2117 579 2182; x_wconf 88' lang='lat' dir='ltr'><strong>ecclesiae</strong></span> <span class='ocrx_word' id='word_1_43' title='bbox 609 2115 918 2201; x_wconf 84' lang='lat' dir='ltr'><strong>glorificatione</strong></span> <span class='ocrx_word' id='word_1_44' title='bbox 948 2117 1033 2182; x_wconf 88' lang='lat' dir='ltr'><strong>sine</strong></span> <span class='ocrx_word' id='word_1_45' title='bbox 1063 2116 1147 2182; x_wconf 82' lang='lat' dir='ltr'><strong>fine</strong></span> <span class='ocrx_word' id='word_1_46' title='bbox 1175 2121 1267 2200; x_wconf 87' lang='lat' dir='ltr'><strong>post</strong></span> <span class='ocrx_word' id='word_1_47' title='bbox 1294 2117 1427 2184; x_wconf 85' lang='lat' dir='ltr'><strong>finem.</strong></span> 
     </span>
    </p>
   </div>
   <div class='ocr_carea' id='block_1_4' title="bbox 295 2257 1505 3281">
    <p class='ocr_par' dir='ltr' id='par_1_4' title="bbox 295 2257 1505 3281">
     <span class='ocr_line' id='line_1_8' title="bbox 341 2257 1429 2343; baseline 0.002 -21"><span class='ocrx_word' id='word_1_48' title='bbox 341 2259 389 2323; x_wconf 87' lang='grc'><strong>111</strong></span> <span class='ocrx_word' id='word_1_49' title='bbox 416 2258 641 2333; x_wconf 81' lang='lat' dir='ltr'><strong>ciuitatem,</strong></span> <span class='ocrx_word' id='word_1_50' title='bbox 671 2257 785 2341; x_wconf 75' lang='lat' dir='ltr'><strong>inquit,</strong></span> <span class='ocrx_word' id='word_1_51' title='bbox 808 2276 985 2343; x_wconf 83' lang='lat' dir='ltr'><strong>magnam</strong></span> <span class='ocrx_word' id='word_1_52' title='bbox 1008 2259 1267 2324; x_wconf 79' lang='lat' dir='ltr'><strong>Hierusalem</strong></span> <span class='ocrx_word' id='word_1_53' title='bbox 1289 2278 1429 2325; x_wconf 91' lang='lat' dir='ltr'><strong>nouam</strong></span> 
     </span>
     <span class='ocr_line' id='line_1_9' title="bbox 295 2362 1426 2448; baseline 0.003 -19"><span class='ocrx_word' id='word_1_54' title='bbox 295 2364 385 2432; x_wconf 87' lang='lat' dir='ltr'><strong>uidi</strong></span> <span class='ocrx_word' id='word_1_55' title='bbox 407 2362 716 2429; x_wconf 78' lang='lat' dir='ltr'><strong>descendentem</strong></span> <span class='ocrx_word' id='word_1_56' title='bbox 740 2363 784 2427; x_wconf 88' lang='lat' dir='ltr'><strong>de</strong></span> <span class='ocrx_word' id='word_1_57' title='bbox 808 2364 919 2429; x_wconf 88' lang='lat' dir='ltr'><strong>caelo</strong></span> <span class='ocrx_word' id='word_1_58' title='bbox 942 2382 961 2428; x_wconf 86' lang='lat' dir='ltr'><strong>a</strong></span> <span class='ocrx_word' id='word_1_59' title='bbox 983 2364 1073 2442; x_wconf 83' lang='lat' dir='ltr'><strong>Deo,</strong></span> <span class='ocrx_word' id='word_1_60' title='bbox 1097 2367 1285 2448; x_wconf 85' lang='lat' dir='ltr'><strong>aptatam,</strong></span> <span class='ocrx_word' id='word_1_61' title='bbox 1309 2367 1426 2448; x_wconf 84' lang='lat' dir='ltr'><strong>quasi</strong></span> 
     </span>
     <span class='ocr_line' id='line_1_10' title="bbox 299 2468 1505 2553; baseline 0.004 -18"><span class='ocrx_word' id='word_1_62' title='bbox 299 2488 436 2535; x_wconf 91' lang='lat' dir='ltr'><strong>nouam</strong></span> <span class='ocrx_word' id='word_1_63' title='bbox 465 2472 627 2553; x_wconf 78' lang='lat' dir='ltr'><strong>nuptam</strong></span> <span class='ocrx_word' id='word_1_64' title='bbox 655 2473 834 2534; x_wconf 89' lang='lat' dir='ltr'><strong>ornatam</strong></span> <span class='ocrx_word' id='word_1_65' title='bbox 861 2468 1005 2536; x_wconf 87' lang='lat' dir='ltr'><strong>marito</strong></span> <span class='ocrx_word' id='word_1_66' title='bbox 1029 2489 1109 2536; x_wconf 89' lang='lat' dir='ltr'><strong>sno.</strong></span> <span class='ocrx_word' id='word_1_67' title='bbox 1136 2471 1183 2535; x_wconf 81' lang='lat' dir='ltr'><strong>Et</strong></span> <span class='ocrx_word' id='word_1_68' title='bbox 1205 2469 1345 2536; x_wconf 86' lang='lat' dir='ltr'><strong>andini</strong></span> <span class='ocrx_word' id='word_1_69' title='bbox 1369 2492 1431 2537; x_wconf 88' lang='lat' dir='ltr'><strong>no·</strong></span> <span class='ocrx_word' id='word_1_70' title='bbox 1498 2526 1505 2540; x_wconf 91' lang='lat'><strong><em>.</em></strong></span> 
     </span>
     <span class='ocr_line' id='line_1_11' title="bbox 301 2575 1475 2660; baseline -0.002 -19"><span class='ocrx_word' id='word_1_71' title='bbox 301 2595 381 2641; x_wconf 91' lang='lat' dir='ltr'><strong>cem</strong></span> <span class='ocrx_word' id='word_1_72' title='bbox 413 2594 591 2660; x_wconf 77' lang='lat' dir='ltr'><strong>magnam</strong></span> <span class='ocrx_word' id='word_1_73' title='bbox 623 2575 668 2640; x_wconf 91' lang='lat' dir='ltr'><strong>de</strong></span> <span class='ocrx_word' id='word_1_74' title='bbox 699 2575 843 2640; x_wconf 90' lang='lat' dir='ltr'><strong>throno</strong></span> <span class='ocrx_word' id='word_1_75' title='bbox 875 2575 1091 2641; x_wconf 77' lang='lat' dir='ltr'><strong>dicentem:</strong></span> <span class='ocrx_word' id='word_1_76' title='bbox 1124 2576 1225 2641; x_wconf 78' lang='lat' dir='ltr'><strong>Eece</strong></span> <span class='ocrx_word' id='word_1_77' title='bbox 1252 2577 1475 2644; x_wconf 82' lang='lat' dir='ltr'><strong>taberna-re</strong></span> 
     </span>
     <span class='ocr_line' id='line_1_12' title="bbox 301 2680 1430 2760; baseline 0.003 -14"><span class='ocrx_word' id='word_1_78' title='bbox 301 2681 433 2747; x_wconf 92' lang='lat' dir='ltr'><strong>culum</strong></span> <span class='ocrx_word' id='word_1_79' title='bbox 462 2680 533 2745; x_wconf 89' lang='lat' dir='ltr'><strong>Dei</strong></span> <span class='ocrx_word' id='word_1_80' title='bbox 561 2699 646 2746; x_wconf 88' lang='lat' dir='ltr'><strong>oum</strong></span> <span class='ocrx_word' id='word_1_81' title='bbox 673 2681 914 2758; x_wconf 89' lang='lat' dir='ltr'><strong>bominibus,</strong></span> <span class='ocrx_word' id='word_1_82' title='bbox 943 2685 982 2747; x_wconf 90' lang='lat' dir='ltr'><strong>et</strong></span> <span class='ocrx_word' id='word_1_83' title='bbox 1008 2682 1217 2748; x_wconf 80' lang='lat' dir='ltr'><strong>habitabit</strong></span> <span class='ocrx_word' id='word_1_84' title='bbox 1244 2702 1329 2747; x_wconf 92' lang='lat' dir='ltr'><strong>cnm</strong></span> <span class='ocrx_word' id='word_1_85' title='bbox 1360 2685 1430 2760; x_wconf 83' lang='lat' dir='ltr'><strong>eia,</strong></span> 
     </span>
     <span class='ocr_line' id='line_1_13' title="bbox 301 2786 1430 2871; baseline 0.003 -18"><span class='ocrx_word' id='word_1_86' title='bbox 301 2790 339 2853; x_wconf 88' lang='lat' dir='ltr'><strong>et</strong></span> <span class='ocrx_word' id='word_1_87' title='bbox 365 2788 480 2851; x_wconf 88' lang='lat' dir='ltr'><strong>erunt</strong></span> <span class='ocrx_word' id='word_1_88' title='bbox 507 2786 588 2870; x_wconf 89' lang='lat' dir='ltr'><strong>ipsi</strong></span> <span class='ocrx_word' id='word_1_89' title='bbox 615 2787 790 2871; x_wconf 90' lang='lat' dir='ltr'><strong>populus</strong></span> <span class='ocrx_word' id='word_1_90' title='bbox 814 2788 914 2865; x_wconf 84' lang='lat' dir='ltr'><strong>eiua,</strong></span> <span class='ocrx_word' id='word_1_91' title='bbox 943 2791 981 2853; x_wconf 92' lang='lat' dir='ltr'><strong>et</strong></span> <span class='ocrx_word' id='word_1_92' title='bbox 1002 2790 1090 2871; x_wconf 91' lang='lat' dir='ltr'><strong>ipse</strong></span> <span class='ocrx_word' id='word_1_93' title='bbox 1113 2789 1219 2853; x_wconf 89' lang='lat' dir='ltr'><strong>Deus</strong></span> <span class='ocrx_word' id='word_1_94' title='bbox 1243 2790 1323 2855; x_wconf 90' lang='lat' dir='ltr'><strong>erit</strong></span> <span class='ocrx_word' id='word_1_95' title='bbox 1345 2809 1430 2856; x_wconf 93' lang='lat' dir='ltr'><strong>cnm</strong></span> 
     </span>
     <span class='ocr_line' id='line_1_14' title="bbox 300 2891 1430 2976; baseline 0.004 -18"><span class='ocrx_word' id='word_1_96' title='bbox 300 2891 369 2959; x_wconf 85' lang='lat' dir='ltr'><strong>eis.</strong></span> <span class='ocrx_word' id='word_1_97' title='bbox 384 2892 433 2957; x_wconf 83' lang='grc'><strong>111</strong></span> <span class='ocrx_word' id='word_1_98' title='bbox 450 2892 662 2976; x_wconf 86' lang='lat' dir='ltr'><strong>absterget</strong></span> <span class='ocrx_word' id='word_1_99' title='bbox 681 2911 829 2958; x_wconf 90' lang='lat' dir='ltr'><strong>omnem</strong></span> <span class='ocrx_word' id='word_1_100' title='bbox 849 2892 1054 2958; x_wconf 89' lang='lat' dir='ltr'><strong>lacrimam</strong></span> <span class='ocrx_word' id='word_1_101' title='bbox 1073 2894 1118 2957; x_wconf 91' lang='lat' dir='ltr'><strong>ab</strong></span> <span class='ocrx_word' id='word_1_102' title='bbox 1134 2894 1430 2972; x_wconf 87' lang='lat' dir='ltr'><strong>oculiseorum;</strong></span> 
     </span>
     <span class='ocr_line' id='line_1_15' title="bbox 301 2998 1431 3083; baseline 0.004 -20"><span class='ocrx_word' id='word_1_103' title='bbox 301 3001 340 3064; x_wconf 87' lang='lat' dir='ltr'><strong>et</strong></span> <span class='ocrx_word' id='word_1_104' title='bbox 367 3016 470 3063; x_wconf 90' lang='lat' dir='ltr'><strong>mors</strong></span> <span class='ocrx_word' id='word_1_105' title='bbox 498 2998 574 3062; x_wconf 90' lang='lat' dir='ltr'><strong>iam</strong></span> <span class='ocrx_word' id='word_1_106' title='bbox 601 3017 675 3063; x_wconf 91' lang='lat' dir='ltr'><strong>non</strong></span> <span class='ocrx_word' id='word_1_107' title='bbox 703 2998 781 3062; x_wconf 95' lang='lat' dir='ltr'><strong>erit</strong></span> <span class='ocrx_word' id='word_1_108' title='bbox 808 3017 934 3080; x_wconf 90' lang='lat' dir='ltr'><strong>neque</strong></span> <span class='ocrx_word' id='word_1_109' title='bbox 960 2998 1099 3063; x_wconf 88' lang='lat' dir='ltr'><strong>luctus</strong></span> <span class='ocrx_word' id='word_1_110' title='bbox 1123 3019 1249 3083; x_wconf 93' lang='lat' dir='ltr'><strong>neque</strong></span> <span class='ocrx_word' id='word_1_111' title='bbox 1273 3002 1431 3077; x_wconf 74' lang='lat' dir='ltr'><strong>elamor,</strong></span> 
     </span>
     <span class='ocr_line' id='line_1_16' title="bbox 302 3102 1475 3188; baseline -0.001 -18"><span class='ocrx_word' id='word_1_112' title='bbox 302 3102 374 3170; x_wconf 87' lang='lat' dir='ltr'><strong>sed</strong></span> <span class='ocrx_word' id='word_1_113' title='bbox 395 3121 464 3169; x_wconf 89' lang='lat' dir='ltr'><strong>nee</strong></span> <span class='ocrx_word' id='word_1_114' title='bbox 488 3102 601 3170; x_wconf 90' lang='lat' dir='ltr'><strong>dolor</strong></span> <span class='ocrx_word' id='word_1_115' title='bbox 622 3103 745 3181; x_wconf 82' lang='lat' dir='ltr'><strong>ullus,</strong></span> <span class='ocrx_word' id='word_1_116' title='bbox 770 3104 863 3188; x_wconf 90' lang='lat' dir='ltr'><strong>quia</strong></span> <span class='ocrx_word' id='word_1_117' title='bbox 884 3106 1019 3187; x_wconf 91' lang='lat' dir='ltr'><strong>priora</strong></span> <span class='ocrx_word' id='word_1_118' title='bbox 1042 3105 1239 3172; x_wconf 89' lang='lat' dir='ltr'><strong>abierunt.</strong></span> <span class='ocrx_word' id='word_1_119' title='bbox 1264 3107 1312 3174; x_wconf 84' lang='lat' dir='ltr'><strong>lit</strong></span> <span class='ocrx_word' id='word_1_120' title='bbox 1330 3108 1433 3174; x_wconf 81' lang='lat' dir='ltr'><strong>dixit</strong></span> <span class='ocrx_word' id='word_1_121' title='bbox 1451 3127 1475 3170; x_wconf 79' lang='lat' dir='ltr'><strong>a</strong></span> 
     </span>
     <span class='ocr_line' id='line_1_17' title="bbox 302 3209 1432 3281; baseline 0.005 -6"><span class='ocrx_word' id='word_1_122' title='bbox 302 3210 445 3275; x_wconf 87' lang='lat' dir='ltr'><strong>sedens</strong></span> <span class='ocrx_word' id='word_1_123' title='bbox 472 3210 510 3274; x_wconf 93' lang='lat' dir='ltr'><strong>in</strong></span> <span class='ocrx_word' id='word_1_124' title='bbox 538 3209 699 3276; x_wconf 91' lang='lat' dir='ltr'><strong>throno:</strong></span> <span class='ocrx_word' id='word_1_125' title='bbox 728 3211 828 3276; x_wconf 81' lang='lat' dir='ltr'><strong>ltcce</strong></span> <span class='ocrx_word' id='word_1_126' title='bbox 852 3230 954 3276; x_wconf 91' lang='lat' dir='ltr'><strong>noua</strong></span> <span class='ocrx_word' id='word_1_127' title='bbox 976 3212 1084 3279; x_wconf 83' lang='lat' dir='ltr'><strong>facio</strong></span> <span class='ocrx_word' id='word_1_128' title='bbox 1108 3213 1244 3280; x_wconf 82' lang='lat' dir='ltr'><strong>omnia</strong></span> <span class='ocrx_word' id='word_1_129' title='bbox 1275 3214 1321 3279; x_wconf 91' lang='lat' dir='ltr'><strong>De</strong></span> <span class='ocrx_word' id='word_1_130' title='bbox 1346 3216 1432 3281; x_wconf 91' lang='lat' dir='ltr'><strong>caelo</strong></span> 
     </span>
    </p>
   </div>
   <div class='ocr_carea' id='block_1_5' title="bbox 300 3313 1478 3824">
    <p class='ocr_par' dir='ltr' id='par_1_5' title="bbox 300 3313 1478 3824">
     <span class='ocr_line' id='line_1_18' title="bbox 301 3313 1431 3403; baseline 0.004 -23"><span class='ocrx_word' id='word_1_131' title='bbox 301 3313 488 3380; x_wconf 83' lang='lat' dir='ltr'><strong>descendere</strong></span> <span class='ocrx_word' id='word_1_132' title='bbox 515 3315 576 3380; x_wconf 87' lang='lat' dir='ltr'><strong>ista</strong></span> <span class='ocrx_word' id='word_1_133' title='bbox 603 3314 715 3380; x_wconf 88' lang='lat' dir='ltr'><strong>ciuitas</strong></span> <span class='ocrx_word' id='word_1_134' title='bbox 744 3315 870 3394; x_wconf 86' lang='lat' dir='ltr'><strong>dicitur,</strong></span> <span class='ocrx_word' id='word_1_135' title='bbox 900 3317 1048 3399; x_wconf 90' lang='lat' dir='ltr'><strong>quoniam</strong></span> <span class='ocrx_word' id='word_1_136' title='bbox 1076 3317 1221 3383; x_wconf 80' lang='lat' dir='ltr'><strong>caelantia</strong></span> <span class='ocrx_word' id='word_1_137' title='bbox 1248 3322 1299 3384; x_wconf 90' lang='lat' dir='ltr'><strong>est</strong></span> <span class='ocrx_word' id='word_1_138' title='bbox 1321 3321 1431 3403; x_wconf 80' lang='lat' dir='ltr'><strong>gratia,</strong></span> 
     </span>
     <span class='ocr_line' id='line_1_19' title="bbox 302 3420 1433 3507; baseline 0.006 -23"><span class='ocrx_word' id='word_1_139' title='bbox 302 3438 363 3502; x_wconf 91' lang='lat' dir='ltr'><strong>qua</strong></span> <span class='ocrx_word' id='word_1_140' title='bbox 386 3420 471 3484; x_wconf 90' lang='lat' dir='ltr'><strong>Deus</strong></span> <span class='ocrx_word' id='word_1_141' title='bbox 495 3439 563 3484; x_wconf 91' lang='lat' dir='ltr'><strong>eam</strong></span> <span class='ocrx_word' id='word_1_142' title='bbox 585 3420 670 3485; x_wconf 82' lang='lat' dir='ltr'><strong>iecit.</strong></span> <span class='ocrx_word' id='word_1_143' title='bbox 694 3421 826 3504; x_wconf 86' lang='lat' dir='ltr'><strong>Propter</strong></span> <span class='ocrx_word' id='word_1_144' title='bbox 848 3421 931 3503; x_wconf 87' lang='lat' dir='ltr'><strong>quod</strong></span> <span class='ocrx_word' id='word_1_145' title='bbox 955 3421 983 3486; x_wconf 91' lang='lat' dir='ltr'><strong>ei</strong></span> <span class='ocrx_word' id='word_1_146' title='bbox 1007 3421 1085 3486; x_wconf 93' lang='lat' dir='ltr'><strong>dicit</strong></span> <span class='ocrx_word' id='word_1_147' title='bbox 1107 3421 1200 3486; x_wconf 87' lang='lat' dir='ltr'><strong>etiam</strong></span> <span class='ocrx_word' id='word_1_148' title='bbox 1220 3442 1275 3507; x_wconf 90' lang='lat' dir='ltr'><strong>per</strong></span> <span class='ocrx_word' id='word_1_149' title='bbox 1292 3424 1433 3491; x_wconf 79' lang='lat' dir='ltr'><strong>Esaiam:</strong></span> 
     </span>
     <span class='ocr_line' id='line_1_20' title="bbox 302 3523 1433 3612; baseline 0.003 -21"><span class='ocrx_word' id='word_1_150' title='bbox 302 3526 382 3610; x_wconf 82' lang='lat' dir='ltr'><strong>ligo</strong></span> <span class='ocrx_word' id='word_1_151' title='bbox 411 3545 493 3590; x_wconf 92' lang='lat' dir='ltr'><strong>snm</strong></span> <span class='ocrx_word' id='word_1_152' title='bbox 522 3526 713 3592; x_wconf 89' lang='lat' dir='ltr'><strong>Dominus</strong></span> <span class='ocrx_word' id='word_1_153' title='bbox 741 3523 898 3592; x_wconf 83' lang='lat' dir='ltr'><strong>faciens</strong></span> <span class='ocrx_word' id='word_1_154' title='bbox 927 3529 975 3594; x_wconf 90' lang='lat' dir='ltr'><strong>te.</strong></span> <span class='ocrx_word' id='word_1_155' title='bbox 1003 3528 1044 3591; x_wconf 81' lang='lat' dir='ltr'><strong>lit</strong></span> <span class='ocrx_word' id='word_1_156' title='bbox 1070 3526 1108 3592; x_wconf 90' lang='lat' dir='ltr'><strong>de</strong></span> <span class='ocrx_word' id='word_1_157' title='bbox 1132 3529 1217 3593; x_wconf 86' lang='lat' dir='ltr'><strong>caclo</strong></span> <span class='ocrx_word' id='word_1_158' title='bbox 1246 3529 1373 3612; x_wconf 86' lang='lat' dir='ltr'><strong>qnidam</strong></span> <span class='ocrx_word' id='word_1_159' title='bbox 1396 3530 1433 3595; x_wconf 89' lang='lat' dir='ltr'><strong>ab</strong></span> 
     </span>
     <span class='ocr_line' id='line_1_21' title="bbox 300 3631 1478 3721; baseline 0.005 -26"><span class='ocrx_word' id='word_1_160' title='bbox 300 3631 391 3698; x_wconf 91' lang='lat' dir='ltr'><strong>initio</strong></span> <span class='ocrx_word' id='word_1_161' title='bbox 419 3632 469 3698; x_wconf 87' lang='lat' dir='ltr'><strong>sui</strong></span> <span class='ocrx_word' id='word_1_162' title='bbox 496 3631 668 3708; x_wconf 85' lang='lat' dir='ltr'><strong>descendit,</strong></span> <span class='ocrx_word' id='word_1_163' title='bbox 697 3652 732 3696; x_wconf 88' lang='lat' dir='ltr'><strong>ax</strong></span> <span class='ocrx_word' id='word_1_164' title='bbox 761 3652 821 3713; x_wconf 92' lang='lat' dir='ltr'><strong>quo</strong></span> <span class='ocrx_word' id='word_1_165' title='bbox 846 3652 901 3717; x_wconf 90' lang='lat' dir='ltr'><strong>per</strong></span> <span class='ocrx_word' id='word_1_166' title='bbox 921 3633 1016 3698; x_wconf 78' lang='lat' dir='ltr'><strong>lunius</strong></span> <span class='ocrx_word' id='word_1_167' title='bbox 1040 3634 1158 3698; x_wconf 88' lang='lat' dir='ltr'><strong>saeculi</strong></span> <span class='ocrx_word' id='word_1_168' title='bbox 1186 3640 1312 3720; x_wconf 87' lang='lat' dir='ltr'><strong>tempus</strong></span> <span class='ocrx_word' id='word_1_169' title='bbox 1335 3637 1436 3721; x_wconf 82' lang='lat' dir='ltr'><strong>gratia</strong></span> <span class='ocrx_word' id='word_1_170' title='bbox 1452 3661 1478 3701; x_wconf 82' lang='lat' dir='ltr'><strong>rc</strong></span> 
     </span>
     <span class='ocr_line' id='line_1_22' title="bbox 302 3736 1434 3824; baseline 0.004 -23"><span class='ocrx_word' id='word_1_171' title='bbox 302 3736 362 3801; x_wconf 88' lang='lat' dir='ltr'><strong>Dei</strong></span> <span class='ocrx_word' id='word_1_172' title='bbox 389 3737 523 3820; x_wconf 86' lang='lat' dir='ltr'><strong>desuper</strong></span> <span class='ocrx_word' id='word_1_173' title='bbox 550 3737 695 3803; x_wconf 89' lang='lat' dir='ltr'><strong>ueniente</strong></span> <span class='ocrx_word' id='word_1_174' title='bbox 723 3758 777 3822; x_wconf 94' lang='lat' dir='ltr'><strong>per</strong></span> <span class='ocrx_word' id='word_1_175' title='bbox 804 3739 965 3803; x_wconf 92' lang='lat' dir='ltr'><strong>lauacrum</strong></span> <span class='ocrx_word' id='word_1_176' title='bbox 993 3739 1236 3823; x_wconf 88' lang='lat' dir='ltr'><strong>regenerationis</strong></span> <span class='ocrx_word' id='word_1_177' title='bbox 1259 3740 1290 3805; x_wconf 91' lang='lat' dir='ltr'><strong>in</strong></span> <span class='ocrx_word' id='word_1_178' title='bbox 1315 3740 1434 3824; x_wconf 87' lang='lat' dir='ltr'><strong>Spiritu</strong></span> 
     </span>
    </p>
   </div>
   <div class='ocr_carea' id='block_1_6' title="bbox 302 3842 1478 4562">
    <p class='ocr_par' dir='ltr' id='par_1_6' title="bbox 302 3842 1478 4562">
     <span class='ocr_line' id='line_1_23' title="bbox 303 3842 1436 3930; baseline 0.003 -22"><span class='ocrx_word' id='word_1_179' title='bbox 303 3846 411 3908; x_wconf 87' lang='lat' dir='ltr'><strong>sancto</strong></span> <span class='ocrx_word' id='word_1_180' title='bbox 434 3842 532 3908; x_wconf 89' lang='lat' dir='ltr'><strong>misso</strong></span> <span class='ocrx_word' id='word_1_181' title='bbox 556 3843 593 3908; x_wconf 90' lang='lat' dir='ltr'><strong>de</strong></span> <span class='ocrx_word' id='word_1_182' title='bbox 617 3844 703 3908; x_wconf 91' lang='lat' dir='ltr'><strong>caelo</strong></span> <span class='ocrx_word' id='word_1_183' title='bbox 728 3844 862 3909; x_wconf 85' lang='lat' dir='ltr'><strong>subinde</strong></span> <span class='ocrx_word' id='word_1_184' title='bbox 886 3844 971 3910; x_wconf 87' lang='lat' dir='ltr'><strong>ciues</strong></span> <span class='ocrx_word' id='word_1_185' title='bbox 995 3844 1063 3909; x_wconf 87' lang='lat' dir='ltr'><strong>eins</strong></span> <span class='ocrx_word' id='word_1_186' title='bbox 1083 3844 1276 3911; x_wconf 87' lang='lat' dir='ltr'><strong>adcrescunt</strong></span> <span class='ocrx_word' id='word_1_187' title='bbox 1300 3845 1362 3911; x_wconf 86' lang='lat' dir='ltr'><strong>Sed</strong></span> <span class='ocrx_word' id='word_1_188' title='bbox 1380 3867 1436 3930; x_wconf 89' lang='lat' dir='ltr'><strong>per</strong></span> 
     </span>
     <span class='ocr_line' id='line_1_24' title="bbox 302 3947 1434 4032; baseline 0.004 -20"><span class='ocrx_word' id='word_1_189' title='bbox 302 3947 455 4013; x_wconf 91' lang='lat' dir='ltr'><strong>iudicium</strong></span> <span class='ocrx_word' id='word_1_190' title='bbox 487 3948 556 4026; x_wconf 86' lang='lat' dir='ltr'><strong>Dei,</strong></span> <span class='ocrx_word' id='word_1_191' title='bbox 589 3948 672 4032; x_wconf 89' lang='lat' dir='ltr'><strong>qnod</strong></span> <span class='ocrx_word' id='word_1_192' title='bbox 701 3951 760 4014; x_wconf 90' lang='lat' dir='ltr'><strong>erit</strong></span> <span class='ocrx_word' id='word_1_193' title='bbox 786 3950 995 4015; x_wconf 90' lang='lat' dir='ltr'><strong>nouissimum</strong></span> <span class='ocrx_word' id='word_1_194' title='bbox 1028 3969 1084 4032; x_wconf 87' lang='lat' dir='ltr'><strong>per</strong></span> <span class='ocrx_word' id='word_1_195' title='bbox 1110 3950 1178 4015; x_wconf 87' lang='lat' dir='ltr'><strong>eius</strong></span> <span class='ocrx_word' id='word_1_196' title='bbox 1205 3950 1304 4016; x_wconf 87' lang='lat' dir='ltr'><strong>filium</strong></span> <span class='ocrx_word' id='word_1_197' title='bbox 1328 3952 1434 4017; x_wconf 85' lang='lat' dir='ltr'><strong>lesum</strong></span> 
     </span>
     <span class='ocr_line' id='line_1_25' title="bbox 303 4052 1435 4131; baseline 0.004 -12"><span class='ocrx_word' id='word_1_198' title='bbox 303 4052 475 4131; x_wconf 73' lang='lat' dir='ltr'><strong>Christum,</strong></span> <span class='ocrx_word' id='word_1_199' title='bbox 507 4057 593 4119; x_wconf 87' lang='lat' dir='ltr'><strong>tanta</strong></span> <span class='ocrx_word' id='word_1_200' title='bbox 624 4054 691 4120; x_wconf 86' lang='lat' dir='ltr'><strong>eius</strong></span> <span class='ocrx_word' id='word_1_201' title='bbox 724 4067 756 4120; x_wconf 90' lang='lat' dir='ltr'><strong>et</strong></span> <span class='ocrx_word' id='word_1_202' title='bbox 786 4059 851 4120; x_wconf 83' lang='lat' dir='ltr'><strong>tam</strong></span> <span class='ocrx_word' id='word_1_203' title='bbox 883 4073 965 4120; x_wconf 91' lang='lat' dir='ltr'><strong>noua</strong></span> <span class='ocrx_word' id='word_1_204' title='bbox 996 4056 1033 4120; x_wconf 87' lang='lat' dir='ltr'><strong>de</strong></span> <span class='ocrx_word' id='word_1_205' title='bbox 1065 4056 1123 4120; x_wconf 89' lang='lat' dir='ltr'><strong>Dei</strong></span> <span class='ocrx_word' id='word_1_206' title='bbox 1155 4076 1281 4122; x_wconf 92' lang='lat' dir='ltr'><strong>munere</strong></span> <span class='ocrx_word' id='word_1_207' title='bbox 1311 4057 1435 4123; x_wconf 87' lang='lat' dir='ltr'><strong>claritas</strong></span> 
     </span>
     <span class='ocr_line' id='line_1_26' title="bbox 302 4159 1478 4246; baseline 0.006 -24"><span class='ocrx_word' id='word_1_208' title='bbox 302 4159 474 4243; x_wconf 87' lang='lat' dir='ltr'><strong>apparebit,</strong></span> <span class='ocrx_word' id='word_1_209' title='bbox 513 4163 548 4224; x_wconf 92' lang='lat' dir='ltr'><strong>ut</strong></span> <span class='ocrx_word' id='word_1_210' title='bbox 583 4161 668 4225; x_wconf 90' lang='lat' dir='ltr'><strong>nulla</strong></span> <span class='ocrx_word' id='word_1_211' title='bbox 704 4165 882 4226; x_wconf 89' lang='lat' dir='ltr'><strong>remaneant</strong></span> <span class='ocrx_word' id='word_1_212' title='bbox 917 4161 1054 4245; x_wconf 85' lang='lat' dir='ltr'><strong>uestigia</strong></span> <span class='ocrx_word' id='word_1_213' title='bbox 1085 4163 1273 4236; x_wconf 85' lang='lat' dir='ltr'><strong>uetustatis;</strong></span> <span class='ocrx_word' id='word_1_214' title='bbox 1311 4163 1434 4246; x_wconf 89' lang='lat' dir='ltr'><strong>quando</strong></span> <span class='ocrx_word' id='word_1_215' title='bbox 1453 4188 1478 4229; x_wconf 80' lang='lat' dir='ltr'><strong>aa</strong></span> 
     </span>
     <span class='ocr_line' id='line_1_27' title="bbox 304 4264 1434 4349; baseline 0.004 -21"><span class='ocrx_word' id='word_1_216' title='bbox 304 4264 429 4348; x_wconf 91' lang='lat' dir='ltr'><strong>quidem</strong></span> <span class='ocrx_word' id='word_1_217' title='bbox 462 4268 494 4330; x_wconf 93' lang='lat' dir='ltr'><strong>et</strong></span> <span class='ocrx_word' id='word_1_218' title='bbox 525 4284 654 4349; x_wconf 88' lang='lat' dir='ltr'><strong>corpora</strong></span> <span class='ocrx_word' id='word_1_219' title='bbox 684 4266 724 4331; x_wconf 90' lang='lat' dir='ltr'><strong>ad</strong></span> <span class='ocrx_word' id='word_1_220' title='bbox 755 4265 1017 4348; x_wconf 89' lang='lat' dir='ltr'><strong>incorruptionem</strong></span> <span class='ocrx_word' id='word_1_221' title='bbox 1049 4266 1148 4349; x_wconf 89' lang='lat' dir='ltr'><strong>adque</strong></span> <span class='ocrx_word' id='word_1_222' title='bbox 1179 4268 1434 4333; x_wconf 86' lang='lat' dir='ltr'><strong>inmortalitatem</strong></span> 
     </span>
     <span class='ocr_line' id='line_1_28' title="bbox 304 4372 1435 4455; baseline 0.004 -21"><span class='ocrx_word' id='word_1_223' title='bbox 304 4388 416 4435; x_wconf 89' lang='lat' dir='ltr'><strong>nouam</strong></span> <span class='ocrx_word' id='word_1_224' title='bbox 446 4375 614 4436; x_wconf 84' lang='lat' dir='ltr'><strong>exuetere</strong></span> <span class='ocrx_word' id='word_1_225' title='bbox 642 4374 840 4455; x_wconf 88' lang='lat' dir='ltr'><strong>corruptione</strong></span> <span class='ocrx_word' id='word_1_226' title='bbox 868 4391 903 4437; x_wconf 90' lang='lat' dir='ltr'><strong>ac</strong></span> <span class='ocrx_word' id='word_1_227' title='bbox 926 4372 1117 4437; x_wconf 84' lang='lat' dir='ltr'><strong>mortalitate</strong></span> <span class='ocrx_word' id='word_1_228' title='bbox 1145 4373 1330 4437; x_wconf 90' lang='lat' dir='ltr'><strong>transibunt.</strong></span> <span class='ocrx_word' id='word_1_229' title='bbox 1354 4374 1435 4438; x_wconf 88' lang='lat' dir='ltr'><strong>Nam</strong></span> 
     </span>
     <span class='ocr_line' id='line_1_29' title="bbox 304 4473 1434 4562; baseline 0.004 -23"><span class='ocrx_word' id='word_1_230' title='bbox 304 4473 364 4540; x_wconf 92' lang='lat' dir='ltr'><strong>boc</strong></span> <span class='ocrx_word' id='word_1_231' title='bbox 388 4475 425 4540; x_wconf 91' lang='lat' dir='ltr'><strong>de</strong></span> <span class='ocrx_word' id='word_1_232' title='bbox 449 4476 510 4540; x_wconf 89' lang='lat' dir='ltr'><strong>isto</strong></span> <span class='ocrx_word' id='word_1_233' title='bbox 534 4478 674 4559; x_wconf 89' lang='lat' dir='ltr'><strong>tempore</strong></span> <span class='ocrx_word' id='word_1_234' title='bbox 698 4477 847 4560; x_wconf 87' lang='lat' dir='ltr'><strong>accipere,</strong></span> <span class='ocrx_word' id='word_1_235' title='bbox 872 4497 933 4561; x_wconf 92' lang='lat' dir='ltr'><strong>qno</strong></span> <span class='ocrx_word' id='word_1_236' title='bbox 957 4483 1066 4562; x_wconf 82' lang='lat' dir='ltr'><strong>regnat</strong></span> <span class='ocrx_word' id='word_1_237' title='bbox 1089 4496 1161 4542; x_wconf 90' lang='lat' dir='ltr'><strong>cum</strong></span> <span class='ocrx_word' id='word_1_238' title='bbox 1180 4498 1252 4562; x_wconf 86' lang='lat' dir='ltr'><strong>rege</strong></span> <span class='ocrx_word' id='word_1_239' title='bbox 1271 4499 1329 4544; x_wconf 90' lang='lat' dir='ltr'><strong>suo</strong></span> <span class='ocrx_word' id='word_1_240' title='bbox 1348 4480 1434 4544; x_wconf 92' lang='lat' dir='ltr'><strong>mille</strong></span> 
     </span>
    </p>
   </div>
   <div class='ocr_carea' id='block_1_7' title="bbox 397 4683 965 4754">
    <p class='ocr_par' dir='ltr' id='par_1_7' title="bbox 397 4683 965 4754">
     <span class='ocr_line' id='line_1_30' title="bbox 397 4683 965 4754; baseline 0.005 -18"><span class='ocrx_word' id='word_1_241' title='bbox 397 4684 411 4736; x_wconf 88' lang='grc'><strong>7</strong></span> <span class='ocrx_word' id='word_1_242' title='bbox 432 4685 513 4752; x_wconf 78' lang='lat' dir='ltr'><strong>Apoc.</strong></span> <span class='ocrx_word' id='word_1_243' title='bbox 532 4683 576 4743; x_wconf 84' lang='lat'><strong>21.</strong></span> <span class='ocrx_word' id='word_1_244' title='bbox 594 4683 611 4737; x_wconf 83' lang='lat'>2</span> <span class='ocrx_word' id='word_1_245' title='bbox 630 4701 688 4754; x_wconf 87' lang='lat' dir='ltr'><strong>sqq.</strong></span> <span class='ocrx_word' id='word_1_246' title='bbox 744 4684 867 4739; x_wconf 83' lang='grc'><strong>1911111.</strong></span> <span class='ocrx_word' id='word_1_247' title='bbox 886 4686 929 4751; x_wconf 80' lang='grc'><strong>45,</strong></span> <span class='ocrx_word' id='word_1_248' title='bbox 949 4686 965 4739; x_wconf 87' lang='lat'>8</span> 
     </span>
    </p>
   </div>
   <div class='ocr_carea' id='block_1_8' title="bbox 306 4805 1436 5233">
    <p class='ocr_par' dir='ltr' id='par_1_8' title="bbox 306 4805 1436 5233">
     <span class='ocr_line' id='line_1_31' title="bbox 342 4805 1436 4877; baseline 0.004 -18"><span class='ocrx_word' id='word_1_249' title='bbox 342 4805 621 4862; x_wconf 69' lang='grc'><strong>211111111111111</strong></span> <span class='ocrx_word' id='word_1_250' title='bbox 691 4809 833 4864; x_wconf 72' lang='lat' dir='ltr'><strong>tritaee</strong></span> <span class='ocrx_word' id='word_1_251' title='bbox 909 4810 938 4862; x_wconf 92' lang='lat' dir='ltr'><strong>ll</strong></span> <span class='ocrx_word' id='word_1_252' title='bbox 959 4809 1129 4863; x_wconf 84' lang='lat' dir='ltr'><strong>habitauitb</strong></span> <span class='ocrx_word' id='word_1_253' title='bbox 1202 4810 1233 4863; x_wconf 85' lang='lat'><strong>12</strong></span> <span class='ocrx_word' id='word_1_254' title='bbox 1252 4809 1304 4877; x_wconf 82' lang='lat' dir='ltr'><strong>ipsi</strong></span> <span class='ocrx_word' id='word_1_255' title='bbox 1323 4812 1436 4863; x_wconf 79' lang='lat' dir='ltr'><strong>emata</strong></span> 
     </span>
     <span class='ocr_line' id='line_1_32' title="bbox 308 4894 1434 4968; baseline 0.004 -22"><span class='ocrx_word' id='word_1_256' title='bbox 308 4894 339 4947; x_wconf 80' lang='lat'><strong>13</strong></span> <span class='ocrx_word' id='word_1_257' title='bbox 360 4894 499 4964; x_wconf 81' lang='lat' dir='ltr'><strong>absterget</strong></span> <span class='ocrx_word' id='word_1_258' title='bbox 517 4894 632 4966; x_wconf 74' lang='lat' dir='ltr'><strong>beqpa</strong></span> <span class='ocrx_word' id='word_1_259' title='bbox 649 4896 761 4965; x_wconf 79' lang='lat' dir='ltr'><strong>Domb,·</strong></span> <span class='ocrx_word' id='word_1_260' title='bbox 778 4899 917 4968; x_wconf 76' lang='lat' dir='ltr'><strong>absterget</strong></span> <span class='ocrx_word' id='word_1_261' title='bbox 935 4897 999 4951; x_wconf 87' lang='lat' dir='ltr'><strong>daus</strong></span> <span class='ocrx_word' id='word_1_262' title='bbox 1019 4915 1089 4967; x_wconf 80' lang='lat' dir='ltr'><strong>apo</strong></span> <span class='ocrx_word' id='word_1_263' title='bbox 1142 4902 1293 4952; x_wconf 85' lang='lat' dir='ltr'><strong>sanctorum</strong></span> <span class='ocrx_word' id='word_1_264' title='bbox 1312 4914 1402 4951; x_wconf 87' lang='lat' dir='ltr'><strong>eornm</strong></span> <span class='ocrx_word' id='word_1_265' title='bbox 1412 4915 1434 4966; x_wconf 78' lang='lat' dir='ltr'><strong>p</strong></span> 
     </span>
     <span class='ocr_line' id='line_1_33' title="bbox 308 4981 1434 5055; baseline 0.004 -20"><span class='ocrx_word' id='word_1_266' title='bbox 308 4982 341 5036; x_wconf 81' lang='lat'><strong>15</strong></span> <span class='ocrx_word' id='word_1_267' title='bbox 359 4981 430 5036; x_wconf 85' lang='lat' dir='ltr'><strong>nllus</strong></span> <span class='ocrx_word' id='word_1_268' title='bbox 449 4981 525 5036; x_wconf 92' lang='lat' dir='ltr'><strong>dolor</strong></span> <span class='ocrx_word' id='word_1_269' title='bbox 541 4999 558 5037; x_wconf 83' lang='lat' dir='ltr'><strong>c</strong></span> <span class='ocrx_word' id='word_1_270' title='bbox 625 4984 658 5039; x_wconf 90' lang='grc'><strong>18</strong></span> <span class='ocrx_word' id='word_1_271' title='bbox 677 4986 701 5039; x_wconf 87' lang='lat' dir='ltr'><strong>ei</strong></span> <span class='ocrx_word' id='word_1_272' title='bbox 720 5002 771 5040; x_wconf 87' lang='lat' dir='ltr'><strong>om.</strong></span> <span class='ocrx_word' id='word_1_273' title='bbox 790 4986 805 5041; x_wconf 87' lang='lat' dir='ltr'><strong>t</strong></span> <span class='ocrx_word' id='word_1_274' title='bbox 877 4987 995 5055; x_wconf 70' lang='lat' dir='ltr'><strong>tesciam,</strong></span> <span class='ocrx_word' id='word_1_275' title='bbox 1014 4986 1143 5040; x_wconf 74' lang='lat' dir='ltr'><strong>cateiam</strong></span> <span class='ocrx_word' id='word_1_276' title='bbox 1163 5002 1239 5048; x_wconf 78' lang='lat' dir='ltr'><strong>corr..</strong></span> <span class='ocrx_word' id='word_1_277' title='bbox 1256 5003 1274 5055; x_wconf 80' lang='lat' dir='ltr'><strong>q</strong></span> <span class='ocrx_word' id='word_1_278' title='bbox 1339 4986 1434 5040; x_wconf 82' lang='grc'><strong>20111</strong></span> 
     </span>
     <span class='ocr_line' id='line_1_34' title="bbox 306 5069 1434 5144; baseline 0.004 -21"><span class='ocrx_word' id='word_1_279' title='bbox 306 5069 393 5124; x_wconf 78' lang='lat' dir='ltr'><strong>om.b</strong></span> <span class='ocrx_word' id='word_1_280' title='bbox 437 5071 472 5125; x_wconf 83' lang='grc'><strong>23</strong></span> <span class='ocrx_word' id='word_1_281' title='bbox 491 5072 552 5141; x_wconf 89' lang='lat' dir='ltr'><strong>erit]</strong></span> <span class='ocrx_word' id='word_1_282' title='bbox 573 5072 630 5126; x_wconf 83' lang='lat' dir='ltr'><strong>eie</strong></span> <span class='ocrx_word' id='word_1_283' title='bbox 678 5075 712 5128; x_wconf 76' lang='lat'><strong>‘24</strong></span> <span class='ocrx_word' id='word_1_284' title='bbox 731 5072 778 5128; x_wconf 85' lang='lat' dir='ltr'><strong>sed</strong></span> <span class='ocrx_word' id='word_1_285' title='bbox 796 5075 887 5128; x_wconf 86' lang='lat' dir='ltr'><strong>tamb</strong></span> <span class='ocrx_word' id='word_1_286' title='bbox 936 5076 970 5130; x_wconf 82' lang='lat'><strong>25</strong></span> <span class='ocrx_word' id='word_1_287' title='bbox 989 5078 1088 5128; x_wconf 83' lang='lat' dir='ltr'><strong>uetant</strong></span> <span class='ocrx_word' id='word_1_288' title='bbox 1107 5075 1256 5144; x_wconf 76' lang='lat' dir='ltr'><strong>uertigine</strong></span> <span class='ocrx_word' id='word_1_289' title='bbox 1304 5073 1338 5126; x_wconf 79' lang='grc'><strong>27</strong></span> <span class='ocrx_word' id='word_1_290' title='bbox 1354 5077 1434 5143; x_wconf 88' lang='lat' dir='ltr'><strong>atque</strong></span> 
     </span>
     <span class='ocr_line' id='line_1_35' title="bbox 306 5159 843 5233; baseline 0.011 -22"><span class='ocrx_word' id='word_1_291' title='bbox 306 5159 417 5212; x_wconf 79' lang='lat' dir='ltr'><strong>morto</strong></span> <span class='ocrx_word' id='word_1_292' title='bbox 469 5159 503 5213; x_wconf 88' lang='grc'><strong>28</strong></span> <span class='ocrx_word' id='word_1_293' title='bbox 522 5159 627 5231; x_wconf 72' lang='lat' dir='ltr'><strong>quodq</strong></span> <span class='ocrx_word' id='word_1_294' title='bbox 697 5166 843 5233; x_wconf 80' lang='lat' dir='ltr'><strong>regnante</strong></span> 
     </span>
    </p>
   </div>
   <div class='ocr_carea' id='block_1_9' title="bbox 0 0 1630 6325">
    <p class='ocr_par' dir='ltr' id='par_1_9' title="bbox 0 0 1630 6325">
     <span class='ocr_line' id='line_1_36' title="bbox 0 0 1630 6325; baseline 0 0"><span class='ocrx_word' id='word_1_295' title='bbox 0 0 1630 6325; x_wconf 95' lang='lat' dir='ltr'><strong> </strong></span> 
     </span>
    </p>
   </div>
  </div>
 </body>
</html>
