3217 6325
226 1340 289 1404 346
557 1336 582 1391 S.
610 1336 766 1401 Aurelii
792 1333 1007 1406 Augustini

224 1530 366 1594 notitiam
390 1530 476 1594 uenit
498 1535 552 1595 aut
574 1530 704 1608 uenerit,
728 1529 767 1593 ad
785 1529 947 1594 cumulum
966 1546 984 1590 a
1001 1526 1091 1592 nobis
1110 1524 1349 1591 commemorari

225 1639 342 1719 potest;
370 1654 429 1700 non
457 1654 518 1718 quo
545 1635 739 1700 necessarius
767 1635 819 1709 sit,
843 1633 967 1699 etiamsi
994 1632 1086 1708 desit,
1109 1631 1166 1697 sed
1188 1630 1261 1713 quia
1284 1648 1347 1694 non

216 1740 391 1825 incongrue
414 1740 550 1806 creditur
571 1741 669 1805 luisse
694 1740 776 1805 etin
800 1740 871 1804 aliis
894 1739 1040 1823 gentibus
1058 1738 1210 1814 homiues,
1229 1736 1348 1819 quibus

224 1846 282 1911 hoc
310 1847 491 1929 mysterium
518 1846 691 1911 reuelatum
718 1848 774 1922 est,
803 1849 835 1910 ct
862 1845 914 1928 qui
942 1844 1018 1909 haec
1047 1844 1141 1909 etiam
1168 1842 1348 1927 praedicere

224 1950 341 2033 inpulsi
375 1954 459 2024 sunt,
497 1949 564 2014 siue
599 1950 765 2033 participes
802 1949 943 2015 eiusdem
980 1949 1098 2033 gratiae
1127 1947 1242 2012 luerint
1277 1948 1349 2012 siue
1380 1971 1394 2012 s

226 2059 374 2137 expertes,
397 2053 453 2117 sed
473 2072 528 2137 per
549 2055 648 2119 malos
672 2055 800 2136 angelos
825 2054 909 2119 docti
933 2057 1016 2129 sunt,
1042 2073 1120 2136 quos
1145 2045 1238 2118 etiam
1261 2071 1349 2136 prae·

225 2163 343 2224 sentem
385 2157 553 2237 Christum,
595 2179 687 2241 quem
722 2160 829 2226 Iudaei
870 2179 929 2224 non
966 2160 1186 2243 agnoscebant,
1227 2158 1348 2223 scimus

225 2264 323 2329 fuisse
350 2262 517 2329 confessos.
544 2263 610 2329 Nec
636 2264 721 2346 ipsos
744 2265 876 2330 Iudaeos
908 2264 1050 2329 existimo
1083 2264 1195 2329 audere
1224 2269 1349 2330 conten·

226 2370 297 2435 dere
319 2371 472 2436 neminem
494 2369 680 2453 pertinuisse
703 2371 742 2435 ad
764 2371 866 2436 Deum
894 2375 1014 2454 praeter
1035 2371 1204 2448 Israelitae,
1227 2390 1263 2435 ex
1286 2389 1348 2452 quo

225 2494 361 2560 propago
397 2477 493 2541 lsrael
530 2495 598 2541 esso
635 2476 746 2559 coepit,
783 2477 946 2558 reprobato
987 2478 1055 2541 eius
1092 2479 1184 2541 fratre
1220 2477 1347 2541 maiore.
1367 2503 1391 2541 o

225 2581 366 2664 Populus
398 2581 479 2646 enim
511 2601 543 2646 re
576 2600 658 2658 uera,
691 2582 744 2666 qui
775 2582 898 2665 proprie
930 2582 988 2647 Dei
1019 2582 1156 2665 populus
1183 2580 1348 2659 diceretur,

225 2686 329 2750 nullus
357 2686 436 2751 alius
465 2686 536 2763 luit;
566 2686 706 2751 homines
735 2691 839 2751 autem
869 2686 1019 2769 quosdam
1047 2706 1107 2752 non
1137 2689 1268 2764 terrena,
1292 2685 1349 2752 sed

226 2791 353 2856 caelesti
380 2792 528 2858 societate
560 2792 599 2856 ad
629 2811 721 2857 ueros
749 2793 906 2875 Israelitae
939 2812 1089 2875 supernae
1117 2794 1202 2858 ciues
1229 2792 1349 2876 patriae

225 2897 413 2978 pertinentes
437 2898 529 2962 etiam
552 2896 583 2961 in
607 2898 677 2963 aliis
701 2898 847 2982 gentibus
870 2899 969 2963 luisse
993 2918 1104 2983 negare
1121 2917 1180 2964 non
1198 2905 1348 2983 possunt;

225 3002 298 3082 quia
324 3004 350 3066 si
377 3005 499 3094 negant,
527 3002 674 3067 facillime
702 3003 929 3069 conuincuntur
955 3005 993 3068 de
1020 3009 1126 3070 sancto
1154 3011 1186 3069 et
1213 3003 1350 3068 mirabili
1366 3029 1390 3067 rs

225 3107 292 3174 uiro
323 3110 389 3186 lob,
421 3110 475 3191 qui
505 3128 562 3175 nec
593 3109 738 3195 indigena
768 3128 825 3176 nco
860 3111 1047 3196 proselytus,
1079 3111 1112 3178 id
1144 3115 1193 3177 est
1228 3111 1350 3177 aduena

226 3216 335 3298 populi
366 3216 461 3280 Israel
488 3216 558 3292 luit,
590 3216 644 3280 sed
672 3237 706 3282 er
734 3222 826 3301 gente
853 3218 1002 3283 Idumaea
1028 3237 1126 3302 genus
1154 3219 1283 3296 ducens,
1305 3218 1351 3282 ibi

227 3325 325 3399 ortus,
351 3320 466 3386 ibidem
495 3326 636 3388 mortuus
664 3328 725 3399 est3
754 3323 809 3406 qui
836 3324 942 3388 diuino
969 3325 1015 3389 sic
1042 3323 1188 3390 laudatur
1214 3325 1350 3407 eloquio,

227 3429 273 3506 ut,
305 3428 386 3511 quod
418 3429 457 3493 ad
487 3429 640 3493 iustitiam
672 3429 882 3513 pietatemque
909 3430 1038 3509 adtinet,
1065 3431 1171 3495 nullus
1199 3431 1227 3495 ei
1255 3429 1349 3494 homo

228 3552 354 3598 suorum
386 3536 560 3616 temporum
592 3539 791 3618 coaequetur.
825 3533 910 3613 Quae
941 3540 1080 3618 tempora
1108 3536 1175 3601 eius
1203 3535 1350 3617 quamuis
1366 3556 1393 3596 ao

227 3657 286 3704 nou
310 3639 504 3704 inueniamus
527 3639 558 3702 in
582 3638 752 3717 chronicis,
781 3641 962 3725 colligimus
984 3645 1087 3705 umen
1110 3660 1145 3706 ex
1166 3640 1246 3706 libro
1270 3641 1350 3717 eius,

228 3763 319 3829 quem
351 3763 405 3828 pro
439 3745 487 3809 sui
519 3745 629 3811 merito
661 3746 821 3810 Israelitae
857 3746 887 3810 in
920 3745 1138 3810 auctoritatem
1170 3745 1350 3811 canonicam

227 3852 417 3933 receperunt,
444 3850 533 3915 tertia
557 3851 753 3935 generatione
781 3851 983 3933 posteriorem
1007 3851 1105 3916 frrisss
1128 3870 1220 3934 quam
1243 3849 1351 3916 Israel.

227 3955 387 4023 Diuinitus
413 3960 518 4022 autem
545 3955 707 4039 prouisum
733 3955 833 4020 fluisse
857 3975 916 4020 non
940 3955 1060 4033 dubito,
1088 3960 1125 4021 ut
1146 3974 1181 4020 er
1204 3956 1263 4020 hoo
1286 3974 1349 4020 uno

228 4062 377 4127 sciremus
405 4062 498 4126 etiam
522 4081 575 4145 per
596 4061 676 4128 alias
699 4067 808 4146 gentes
832 4080 901 4125 esse
924 4061 1076 4142 potuisse,
1100 4061 1154 4143 qui
1176 4060 1350 4126 secundum
1368 4086 1393 4126 a

227 4166 327 4232 Deum
359 4167 504 4231 aixerunt
534 4166 624 4248 eique
653 4168 846 4250 placuerunt,
882 4167 1070 4247 pertinentes
1105 4166 1145 4230 ad
1175 4166 1350 4249 spiritalem

227 4272 431 4337 Hierusalem.
464 4271 552 4352 Quod
585 4272 699 4336 nemini
731 4290 913 4337 conoessum
946 4271 1043 4344 luisse
1074 4271 1262 4336 credendum
1290 4275 1349 4348 est,

227 4377 286 4443 uisi
305 4377 356 4442 cui
374 4376 524 4447 diuinitus
542 4378 700 4442 reuelatus
720 4380 768 4442 est
784 4396 866 4441 unus
885 4376 1037 4441 mediator
1051 4377 1108 4442 Dei
1127 4381 1160 4442 et
1176 4377 1350 4453 hominum,

228 4484 320 4549 homo
344 4482 487 4549 Christus
510 4485 610 4561 Iesus,
634 4485 687 4566 qui
710 4485 861 4547 uenturus
880 4482 909 4546 in
930 4501 1019 4547 came
1039 4483 1084 4548 sic
1102 4482 1238 4565 antiquis
1261 4499 1350 4547 sanc

316 4692 348 4745 16
367 4689 422 4748 Iob.
444 4693 455 4746 l

265 4814 464 4884 lcomulump
533 4813 672 4883 tquodc
742 4812 897 4866 dhominee
916 4828 999 4866 om.c
1068 4811 1186 4865 lhooo
1266 4810 1348 4865 οὶίιιη

228 4904 312 4971 heop
400 4903 588 4972 derpartesp
680 4899 1163 4992 suntbcgamsintapp'Domb.
1252 4901 1347 4991 ilper-

228 5026 346 5080 tenuisse
362 5043 380 5096 9
417 5027 446 5081 ll
468 5027 764 5096 cnim1e1(=eius)c
802 5025 834 5078 13
853 5025 924 5077 uiros
940 5040 958 5093 p
995 5024 1027 5077 14
1038 5000 1072 5077 in
1091 5023 1159 5085 aliis,
1177 5024 1209 5076 ia
1221 4998 1348 5093 margin

229 5113 331 5175 attiae
385 5114 417 5169 15
435 5114 589 5169 mirabilee
643 5114 674 5167 16
694 5113 865 5182 prosilitusp
916 5111 948 5165 21
969 5110 1159 5181 colligamusp
1211 5109 1246 5164 24
1263 5109 1347 5164 inisse
1386 5173 1392 5184 ι

230 5217 358 5270 promae
