3217 6325
278 1342 342 1405 39'4
608 1338 634 1393 S.
662 1338 817 1393 Aurelii
843 1338 1057 1408 Augustini

277 1535 467 1613 discesserit,
504 1533 653 1618 quamdiu
690 1552 830 1618 conpago
862 1534 1071 1599 membrorum
1107 1538 1223 1615 manet,
1259 1555 1321 1602 non
1358 1541 1410 1602 est

277 1643 344 1706 eine
372 1641 506 1724 quadam
532 1641 669 1724 partium
695 1658 771 1723 pace
794 1638 877 1723 quod
903 1643 1053 1718 remanet,
1081 1642 1115 1706 et
1135 1640 1205 1707 ideo
1234 1646 1283 1708 est
1304 1641 1409 1708 adbuc

277 1748 331 1830 qui
362 1747 502 1831 pendeat
532 1747 574 1812 ut
600 1745 685 1830 quod
710 1748 866 1811 terrenum
896 1765 1009 1831 corpus
1035 1744 1068 1811 in
1094 1750 1207 1813 terram
1235 1748 1347 1814 nititur
1374 1751 1409 1813 et

276 1854 403 1919 uinculo
430 1873 492 1936 quo
520 1872 707 1938 suspensum
735 1857 784 1918 est
809 1849 963 1931 renititur,
989 1852 1022 1917 in
1049 1872 1125 1919 suae
1152 1854 1239 1938 pacis
1267 1853 1407 1920 ordinem

276 1959 378 2025 tendit
404 1963 436 2024 et
460 1959 565 2024 locum
594 1978 655 2042 quo
682 1958 859 2040 requiescat
885 1958 1021 2040 quodam
1043 1959 1136 2025 modo
1159 1978 1237 2026 uoce
1259 1960 1405 2044 ponderis
1438 1984 1452 2025 s

276 2066 389 2148 poscit,
425 2066 550 2146 iamque
582 2064 719 2130 exanime
751 2083 786 2129 ac
821 2064 887 2128 sine
918 2064 984 2129 ullo
1017 2083 1112 2130 sensu
1144 2084 1163 2129 a
1193 2084 1270 2148 pace
1299 2070 1405 2130 tarum

276 2172 409 2237 naturali
434 2172 484 2236 sui
506 2171 623 2237 ordinis
646 2190 706 2236 non
728 2170 855 2249 recedit,
879 2170 932 2236 uel
954 2190 1027 2235 cum
1049 2174 1136 2236 tonet
1158 2191 1237 2248 eam,
1261 2171 1314 2237 uel
1332 2189 1406 2236 cum

275 2283 375 2349 sertin
397 2278 436 2342 nd
460 2297 537 2343 eam.
562 2276 595 2342 si
618 2278 701 2342 enim
724 2275 931 2341 adhibeantur
952 2276 1181 2343 medicamenta
1199 2278 1299 2360 adque
1318 2295 1407 2342 cura·

276 2385 332 2451 tio.
372 2402 451 2467 quae
488 2385 619 2449 fonnem
656 2383 818 2449 cadaueris
854 2382 988 2448 dissolui
1024 2383 1183 2468 dilabique
1218 2403 1280 2449 non
1311 2382 1407 2461 sinat,

276 2492 377 2557 adhuc
404 2510 462 2574 pax
489 2490 641 2572 quaedam
669 2492 772 2574 partes
799 2490 941 2574 partibus
968 2490 1074 2573 iungit
1098 2492 1262 2575 totamque
1287 2490 1406 2556 molem
1426 2513 1451 2554 ιο

276 2597 414 2679 adplicat
444 2599 565 2661 temero
598 2599 630 2659 et
661 2595 859 2661 conuenienti
890 2614 926 2660 ac
956 2614 1012 2679 per
1038 2595 1097 2661 hoo
1123 2599 1234 2679 pacato
1260 2596 1340 2662 loco.
1370 2594 1406 2662 Si

276 2707 380 2769 autem
412 2702 498 2767 nulla
530 2701 715 2767 adhibeatur
746 2720 821 2766 cura
852 2700 1013 2778 condendi,
1046 2701 1101 2767 sed
1133 2702 1268 2767 naturali
1296 2701 1406 2767 cursui

274 2810 476 2891 relinquatur,
508 2808 631 2872 tamdiu
662 2808 752 2891 quasi
782 2808 996 2873 tumultuatur
1026 2808 1251 2872 dissidentibus
1284 2807 1406 2872 exhala-

275 2914 413 2979 tionibus
441 2917 474 2977 et
495 2916 601 2977 nostro
628 2912 919 2978 inconueuientibus
943 2912 1048 2977 sensui
1076 2911 1121 2996 (id
1143 2913 1225 2977 enim
1249 2913 1407 2995 estquod

274 3020 306 3085 in
337 3022 449 3103 putore
480 3017 636 3101 sentitur),
669 3017 766 3082 donec
796 3017 905 3083 mundi
933 3018 1099 3083 conueniat
1125 3018 1288 3083 elementis
1318 3022 1350 3082 et
1371 3018 1404 3082 in
1424 3044 1450 3085 n

276 3144 382 3192 eorum
405 3143 512 3209 pacem
537 3125 688 3208 paulatim
710 3125 986 3209 particulatimque
1009 3123 1159 3191 discedat
1186 3123 1283 3190 Nullo
1309 3122 1404 3188 modo

275 3235 378 3298 umen
392 3231 465 3296 iude
479 3231 597 3313 aliquid
611 3231 735 3315 legibus
750 3232 866 3297 sirmmi
883 3232 971 3297 illius
990 3235 1136 3297 creatoris
1155 3229 1404 3313 ordinatorisque

277 3338 482 3410 subtrabitur,
510 3357 528 3402 a
549 3357 611 3420 quo
638 3356 697 3419 pax
720 3337 935 3403 uniuersitatis
958 3337 1208 3415 administratum
1235 3335 1318 3419 quia.¹
1342 3336 1404 3400 etsi

278 3445 316 3509 de
348 3443 498 3508 cadauere
529 3442 655 3507 maioris
691 3443 858 3507 animantis
894 3442 1039 3507 animalia
1073 3443 1194 3507 minuta
1226 3444 1405 3516 nascantur,

278 3548 384 3614 eadem
407 3549 479 3632 lege
502 3547 649 3613 creatoris
673 3566 813 3631 quaeque
835 3549 1020 3631 corpuscula
1046 3549 1078 3614 iu
1101 3548 1214 3615 salium
1236 3565 1313 3631 pace
1336 3547 1450 3614 suisa·

278 3655 425 3719 animulis
449 3655 602 3730 seruiunt3
631 3653 691 3718 etsi
714 3660 909 3718 mortuorum
932 3674 1038 3719 carnes
1061 3654 1099 3719 ab
1123 3654 1194 3719 aliis
1216 3652 1405 3718 animalibus

278 3760 475 3836 decorentur,
511 3759 635 3824 easdem
673 3761 759 3842 leges
795 3779 850 3842 per
885 3764 994 3824 cuncte
1032 3760 1160 3824 diffusae
1196 3758 1236 3823 ad
1268 3757 1402 3822 salntem

279 3866 400 3951 generis
437 3866 589 3949 cuiusque
624 3866 803 3931 mortalium
840 3884 976 3949 congrua
1012 3865 1157 3949 congruis
1192 3861 1403 3947 pacificantes,

278 3990 402 4055 quaqua
432 3990 559 4037 uersum
586 3972 747 4037 trahemur
773 3977 804 4036 et
833 3971 927 4036 rebus
954 3970 1203 4053 quibuscumque
1234 3968 1404 4053 iungantur

278 4081 311 4143 et
336 4079 368 4142 in
394 4097 444 4143 res
471 4077 628 4161 quaslibet
654 4083 873 4142 conuertuntur
900 4080 933 4140 et
959 4079 1197 4154 commutentur,
1228 4076 1404 4140 inueniunt.

316 4268 457 4325 lmembr.
474 4271 566 4322 manet
583 4284 743 4337 campagos
827 4267 950 4322 badbuc
968 4273 1042 4321 este
1125 4263 1284 4335 5pouderis
1301 4280 1403 4320 noceo

278 4358 294 4409 9
314 4355 484 4424 dilaniqueq
562 4356 652 4409 sinant
670 4355 734 4423 bep
798 4355 828 4407 ll
849 4354 908 4407 loeo
927 4358 1022 4423 pacato
1040 4371 1056 4407 o
1125 4349 1307 4407 recondendi
1326 4361 1401 4411 <con-

278 4442 354 4496 tendi
373 4444 398 4511 b)
417 4458 492 4508 msam
510 4441 684 4495 condiendis
756 4443 788 4496 13
810 4442 952 4495 exalat«
923 4458 987 4510 epp
1060 4442 1092 4494 16
1110 4439 1290 4510 particulatim
1308 4438 1402 4508 paula·

279 4531 415 4599 timquee
487 4530 519 4583 17
536 4530 642 4598 legibue
662 4528 796 4598 aliquide
873 4531 905 4583 19
924 4545 1017 4583 cauere
1033 4546 1052 4597 p
1121 4529 1156 4582 20
1173 4528 1214 4581 sui
1233 4526 1403 4589 ωιίωιῐίεες

279 4646 335 4699 suis
354 4644 514 4698 animalibus
529 4661 550 4713 p
604 4645 635 4697 21
656 4648 736 4712 etp
790 4646 824 4698 24
844 4643 993 4713 quibusque
1012 4659 1104 4697 come
