3217 6325
225 1286 289 1352 514
563 1283 589 1339 S.
617 1282 772 1337 Aurelii
799 1282 1013 1353 Augustini

223 1478 366 1561 quaestio
391 1480 448 1555 cat,
472 1475 580 1541 calam
598 1475 781 1541 infidelitate
799 1477 997 1554 contendent,
1022 1476 1094 1559 quia
1111 1477 1188 1543 baec
1205 1478 1356 1544 animalia

223 1602 279 1649 nec
298 1602 421 1666 semper
442 1582 556 1647 uiuunt
574 1584 606 1646 ct
623 1581 654 1646 in
672 1582 736 1647 illie
755 1582 932 1647 feruoribus
952 1582 1018 1648 aine
1042 1582 1202 1649 doloribus
1220 1585 1353 1658 uiuunt3

225 1708 300 1755 auae
327 1689 441 1772 quippe
463 1691 592 1753 naturae
615 1688 871 1753 conuenientibus
896 1692 1082 1773 uegetantnr
1102 1689 1177 1768 illia,
1200 1709 1260 1755 non
1284 1709 1354 1756 cru·

225 1795 349 1860 ciuntur
374 1793 550 1868 elementia,
583 1794 674 1875 quari
701 1813 761 1858 non
789 1793 1002 1859 incredibilius
1030 1795 1073 1858 cit
1094 1796 1235 1879 negetari
1258 1814 1353 1879 quam

226 1899 357 1965 cruciari
390 1898 507 1964 talibus
538 1898 642 1963 rebus.
674 1899 818 1963 Mirabile
850 1904 900 1964 est
927 1899 1009 1963 enim
1038 1899 1142 1964 dolere
1172 1902 1203 1965 in
1225 1900 1354 1985 ignibus
1383 1923 1398 1962 r

228 2010 387 2071 ettamen
411 2006 529 2082 uiuere,
548 2004 602 2069 aad
625 2004 799 2070 mirabilius
823 2006 930 2070 uiuere
956 2006 988 2069 in
1010 2005 1135 2089 ignibus
1158 2024 1215 2070 neo
1238 2006 1353 2072 dolere.

229 2112 264 2179 Si
288 2116 393 2177 autem
416 2111 475 2177 boc
498 2110 644 2187 credit-ur,
668 2129 748 2191 quur
770 2130 829 2176 non
853 2115 886 2175 et
907 2110 1008 2176 illud?

685 2299 819 2366 CAPUT
841 2300 898 2366 ΠΙ.

228 2444 281 2509 An
313 2460 541 2524 consequens
574 2440 636 2513 sit,
667 2444 708 2505 ιιι
734 2459 956 2523 corporeum
984 2440 1146 2507 dolorem
1175 2447 1355 2527 sequatur

619 2546 738 2612 carnia
761 2546 948 2612 interitus.
1358 2577 1386 2616 ao

273 2687 334 2755 Sed
361 2688 482 2752 nullum
509 2689 567 2765 eet,
595 2686 748 2770 inquiunt,
772 2705 896 2771 corpus,
924 2688 1008 2771 quod
1036 2688 1139 2754 dolere
1167 2688 1271 2773 possit
1296 2709 1354 2755 nco

228 2795 331 2880 poerit
356 2793 443 2859 mori.
473 2793 515 2858 Et
541 2793 600 2858 boc
627 2792 708 2857 unde
730 2793 873 2859 ecimus?
904 2794 984 2858 Nam
1009 2793 1046 2859 (le
1074 2794 1256 2877 corporibus
1280 2797 1350 2878 quis

229 2902 334 2965 certus
358 2903 409 2964 est
429 2897 625 2975 daemonum,
649 2902 755 2962 utrum
776 2899 809 2963 in
834 2898 879 2964 cis
898 2899 1032 2978 doleant,
1052 2900 1173 2984 quando
1192 2919 1227 2966 ee
1246 2900 1356 2985 adfligi

229 3004 352 3090 magnis
375 3003 565 3070 cruciatibus
588 3003 793 3069 confitentur?
817 3002 908 3084 Quod
926 3005 954 3071 ai
973 3006 1180 3090 respondetur
1195 3008 1355 3072 ιοποιιιιιιι

230 3130 342 3195 corpus
365 3107 501 3176 solidum
524 3107 646 3174 scilicet
667 3107 768 3192 adque
786 3109 989 3192 conspicuum
1014 3110 1135 3177 nullum
1154 3129 1234 3189 case,
1253 3110 1356 3195 adque
1374 3141 1401 3184 n

231 3221 267 3283 ut
291 3235 349 3281 uno
372 3214 478 3298 potine
501 3213 625 3279 nomine
647 3213 680 3278 id
703 3214 864 3296 explicem,
887 3215 1005 3282 nullam
1027 3235 1097 3282 eece
1115 3234 1249 3295 carnem,
1273 3236 1355 3301 quae

230 3323 333 3389 dolero
363 3321 465 3405 poerit
495 3320 635 3402 morique
665 3338 725 3384 non
756 3321 871 3404 poscit:
908 3321 984 3403 quid
1015 3321 1100 3387 aliud
1132 3321 1257 3401 (licitur,
1293 3323 1356 3388 nisi

231 3428 314 3513 quod
337 3444 431 3492 cenea
454 3425 591 3506 corporis
614 3425 754 3490 homines
778 3429 810 3490 et
831 3426 1017 3509 experientia
1039 3427 1254 3511 oollcgcmntl
1275 3428 1356 3493 Nul-

231 3534 294 3598 lam
317 3550 449 3614 namque
472 3549 594 3597 carnem
616 3530 677 3595 nisi
699 3532 863 3596 monialem
886 3534 1004 3609 aclant3
1029 3536 1061 3597 ct
1081 3533 1157 3597 baec
1181 3537 1230 3598 eet
1247 3553 1355 3599 eornm

232 3643 300 3705 tota
321 3638 411 3712 ratio,
436 3642 482 3716 ut,
510 3637 593 3721 quod
617 3637 732 3720 experti
754 3655 814 3702 non
837 3641 919 3717 sunt,
949 3657 1143 3722 nequaqnam
1166 3658 1235 3707 esee
1257 3659 1352 3723 pocae
1372 3664 1399 3705 ro

233 3745 430 3810 arbitrentur.
461 3743 542 3809 Nam
578 3743 668 3808 cuiue
699 3743 827 3809 rationis
859 3746 910 3808 ert
939 3742 1077 3809 dolorem
1108 3745 1208 3810 iacere
1243 3747 1355 3811 mortis

233 3855 461 3935 argumentum,
484 3868 555 3915 oum
578 3850 661 3914 uitae
684 3849 789 3931 potina
814 3850 857 3914 ait
877 3849 1051 3915 indicium?
1072 3850 1140 3915 Etsi
1161 3850 1244 3915 enirn
1263 3869 1356 3933 qnae·

233 3954 341 4035 rimus,
365 3959 470 4022 utrum
493 3973 616 4038 semper
637 3955 739 4038 posuit
760 3956 882 4021 uiuere:
906 3959 1024 4020 certum
1048 3958 1151 4021 tamen
1175 3960 1225 4021 cst
1247 3958 1355 4023 uiuere

234 4080 325 4128 omne
354 4060 437 4143 quod
464 4060 548 4125 dolet
575 4060 774 4143 doloremque
797 4079 920 4126 omnem
944 4061 1005 4127 niai
1026 4063 1057 4126 in
1079 4079 1111 4125 re
1135 4062 1262 4134 uiuente
1285 4082 1355 4129 crac

234 4187 294 4233 non
311 4185 412 4250 posse.
429 4166 565 4232 Necesse
584 4170 633 4230 eet
651 4186 723 4251 ergo
741 4172 778 4232 ut
796 4167 885 4232 uiuat
903 4167 1020 4246 dolena,
1036 4186 1094 4232 non
1114 4171 1163 4233 ast
1176 4187 1304 4235 neceeea
1318 4172 1355 4233 ut
1370 4185 1396 4229 aa

234 4271 358 4339 occidat
375 4270 472 4350 dolor,
490 4271 563 4354 quia
579 4289 634 4335 nec
653 4290 780 4353 corpora
798 4272 860 4336 ista
877 4273 1021 4337 mortalia
1038 4274 1070 4336 et
1082 4272 1191 4356 ntique
1205 4273 1356 4338 moritura

236 4378 335 4444 omnia
363 4376 450 4443 dolor
476 4377 599 4455 occidit,
629 4380 661 4442 et
687 4385 723 4443 ut
749 4377 837 4443 dolor
864 4378 976 4461 aliquis
1003 4378 1105 4461 poerit
1127 4378 1276 4457 occidere,
1299 4379 1356 4443 illa

236 4502 332 4549 cauea
362 4487 419 4562 eet,
456 4483 601 4566 quoniam
632 4483 676 4549 sic
709 4487 756 4549 est
787 4484 889 4548 anima
920 4502 1033 4548 conexa
1059 4483 1133 4549 buie
1160 4485 1291 4569 corpori,
1318 4486 1356 4549 ut

236 4588 368 4653 cummis
391 4588 549 4655 doloribus
572 4588 661 4653 cedat
683 4589 782 4671 adque
805 4588 958 4666 discedat3
982 4591 1126 4671 quoniam
1150 4590 1267 4673 etipsa
1285 4608 1354 4654 oon·

237 4715 317 4781 pago
349 4696 557 4762 membrorum
589 4696 688 4778 adque
720 4697 864 4761 uitalium
896 4697 943 4761 sio
972 4696 1094 4761 infirma
1124 4699 1182 4773 est,
1219 4699 1256 4760 ut
1286 4716 1352 4761 eam
1370 4717 1394 4760 eo

275 4871 288 4925 1
308 4869 471 4924 contendunt
488 4887 502 4925 e
580 4871 650 4926 hacc
666 4888 716 4927 om.
735 4888 749 4926 e
835 4874 851 4927 6
871 4876 899 4926 et
916 4871 1114 4925 tamen....in
1133 4869 1240 4940 ignibus
1258 4885 1309 4924 om.
1328 4871 1352 4924 e¹

240 4958 518 5026 lambrionem
550 4959 581 5013 13
602 4975 629 5013 re
648 4960 733 5016 om.b
771 4961 803 5014 14
821 4959 941 5029 magiab
983 4960 1015 5014 16
1035 4959 1146 5029 querire
1182 4959 1214 5011 17
1233 4957 1352 5011 dolorib

238 5038 602 5143 auteu1i'lira(initrr)y
652 5091 780 5144 noncup.
795 5075 871 5129 lime
906 5075 940 5129 22
958 5073 995 5127 nt
1012 5074 1081 5127 enim
1100 5074 1154 5142 rip
1189 5073 1224 5127 23
1239 5073 1353 5127 alterum

239 5162 429 5217 cicerculae
481 5161 514 5215 2?
534 5160 637 5216 occidet
652 5160 681 5232 ρ’
