3217 6325
232 1200 294 1264 610
567 1194 595 1250 S.
622 1194 773 1248 Aurelii
801 1194 1011 1264 Augustini

231 1390 359 1456 arbitrer
389 1406 460 1453 esse
490 1387 761 1471 Hipponiensium,
798 1387 851 1470 qui
886 1387 945 1452 hoc
976 1406 1036 1451 non
1068 1387 1120 1451 uel
1151 1385 1269 1452 uiderit
1300 1390 1353 1453 nel

231 1494 382 1570 didicerit,
409 1492 530 1558 nullom
557 1492 612 1575 qni
639 1490 785 1557 obliuisci
811 1490 878 1557 ulls
902 1492 1023 1557 ratione
1054 1490 1201 1574 potuerit
1235 1491 1351 1557 Decem

231 1598 356 1682 quidam
377 1598 489 1663 tratres
511 1595 658 1681 (quornm
686 1600 805 1679 septem
828 1598 901 1661 sunt
921 1613 1033 1672 mares,
1060 1598 1124 1661 tres
1141 1595 1289 1681 feminae)
1312 1597 1351 1662 de

230 1705 380 1771 Caesarea
406 1701 629 1786 Cappadociae,
661 1721 788 1769 snorum
821 1701 937 1766 ciuium
969 1720 1029 1766 non
1056 1701 1222 1785 ignobiles,
1254 1703 1351 1768 mule·

230 1810 314 1876 dicto
337 1809 446 1874 matris
467 1809 584 1874 recenti
606 1807 703 1892 patris
726 1826 832 1873 eornm
855 1807 942 1873 obitu
965 1808 1144 1887 destitutae,
1166 1825 1247 1891 qnae
1268 1808 1350 1875 inin·
1378 1833 1391 1872 s

229 1919 307 1982 riam
339 1917 400 1982 sibi
431 1916 469 1981 ab
500 1916 547 1981 eis
575 1916 691 1981 factam
720 1913 918 1979 acerbissime
943 1915 1029 1991 tulit,
1059 1913 1116 1978 tuli
1142 1932 1244 1996 poena
1274 1920 1351 1980 sunt

229 2023 382 2088 diuinitus
404 2021 564 2099 coherciti,
590 2024 627 2086 ut
648 2019 837 2085 horribiliter
863 2021 1064 2102 quaterentur
1084 2037 1191 2086 omnes
1214 2023 1350 2086 tremore

229 2128 454 2203 membrorum
477 2126 508 2192 in
532 2144 595 2209 qna
615 2124 798 2191 foedissima
820 2126 924 2208 specie
946 2124 1054 2190 oculos
1077 2143 1205 2189 snorum
1229 2125 1347 2190 oinium

229 2253 288 2299 non
308 2233 451 2306 ferentes,
475 2249 600 2315 quaqua
620 2250 746 2297 uersum
770 2232 882 2313 cuique
900 2231 944 2295 irs
962 2231 1067 2295 uisum
1086 2233 1145 2307 eet,
1162 2233 1230 2295 toto
1248 2250 1348 2313 paene

230 2336 423 2421 uagabantur
444 2336 518 2404 orbs
539 2336 689 2402 Romano.
710 2336 756 2401 le
777 2335 827 2401 his
850 2336 943 2401 etiam
966 2335 1005 2400 ad
1026 2354 1084 2401 nos
1101 2340 1256 2401 nonerunt
1273 2336 1348 2413 duo,
1367 2355 1390 2394 s·

229 2444 324 2510 frater
345 2445 378 2507 et
399 2461 496 2521 soror,
523 2442 640 2508 Paulus
663 2445 696 2507 et
717 2440 867 2519 Palladia,
889 2442 999 2507 multis
1026 2441 1096 2506 aliis
1118 2442 1196 2508 locis
1219 2443 1349 2509 miseria

229 2549 407 2617 diffamante
438 2550 500 2615 ism
528 2549 654 2635 cogniti.
687 2547 846 2614 Venerunt
871 2551 975 2614 antem
1001 2552 1072 2613 ante
1098 2548 1220 2615 Pascha
1249 2549 1348 2615 terme

229 2655 295 2720 dies
317 2655 503 2738 quindecim,
526 2656 691 2721 ecclesiam
713 2654 842 2719 cottidie
864 2657 896 2719 et
917 2654 949 2719 in
972 2673 1008 2719 es
1029 2655 1210 2721 memoriam
1233 2654 1347 2739 glorio·

229 2760 348 2827 sissimi
371 2760 520 2845 Stephani
540 2759 786 2844 frequentabant,
810 2763 932 2825 orantes
953 2764 991 2825 nt
1011 2759 1073 2825 ism
1092 2758 1153 2826 sibi
1169 2760 1348 2845 placaretur

228 2866 314 2932 Deus
342 2870 375 2932 et
401 2867 535 2934 salutem
561 2866 722 2950 pristinam
748 2865 896 2931 redderet
926 2866 967 2931 lit
993 2866 1058 2932 illio
1085 2869 1118 2931 et
1148 2884 1346 2950 quacumque
1364 2890 1388 2931 ιι

228 2971 315 3037 ibant
344 2973 567 3039 conuertebant
593 2973 622 3036 in
651 2973 685 3038 ss
712 2972 851 3038 ciuitatis
878 2971 1069 3055 adspectum.
1102 2971 1262 3047 Nonnulli,
1291 2974 1346 3056 qni

229 3096 281 3143 eos
305 3077 379 3143 alibi
402 3078 542 3151 uiderant
564 3094 751 3160 cansamque
777 3077 919 3143 tremoris
945 3097 1051 3143 sorum
1074 3082 1234 3158 nouerant,
1261 3079 1345 3156 aliis,

228 3190 266 3249 ut
292 3183 403 3268 cuique
428 3190 580 3269 poterant,
607 3185 790 3251 indicabant
820 3183 914 3251 Venit
940 3187 973 3250 et
993 3184 1123 3263 Pascha,
1150 3185 1252 3269 adque
1273 3186 1345 3272 ipso

228 3289 278 3354 dis
300 3289 454 3357 dominico
476 3311 576 3370 mane,
600 3310 670 3357 cum
693 3290 755 3355 iam
772 3290 917 3373 frequens
939 3291 1074 3374 populns
1095 3309 1242 3373 praesens
1260 3296 1346 3358 esset

228 3398 260 3460 et
289 3395 352 3461 loci
382 3396 482 3462 sancti
512 3397 677 3475 cancellos,
708 3396 763 3462 nbi
789 3395 970 3479 martyrium
998 3399 1074 3476 erat,
1104 3395 1188 3462 idem
1218 3397 1343 3463 iuuenis
1360 3415 1386 3457 s·

228 3521 317 3568 orans
344 3505 472 3579 teneret,
499 3507 623 3587 repente
650 3505 825 3585 prostratus
847 3505 896 3567 est
918 3505 950 3567 ot
976 3501 1139 3570 dormienti
1161 3503 1343 3570 simillimus

227 3607 333 3685 iacuit,
356 3627 417 3673 non
439 3611 543 3690 tumen
565 3612 712 3689 tremens,
735 3608 819 3674 sicut
841 3608 933 3673 etism
956 3627 1012 3691 per
1028 3625 1172 3675 somnum
1189 3609 1342 3676 solebant

228 3714 434 3796 Stupentibus
457 3713 514 3796 qni
540 3714 668 3779 aderant
692 3713 792 3797 adque
820 3713 889 3780 aliis
915 3715 1113 3797 pauentibus,
1139 3714 1210 3781 aliis
1238 3714 1343 3782 dolen·

229 3818 323 3896 tibus,
347 3837 418 3884 cum
441 3836 511 3884 sum
535 3819 661 3903 quidam
679 3820 796 3885 uellent
814 3820 941 3902 erigere,
962 3819 1101 3886 nonnulli
1118 3820 1344 3903 prohibuerunt

227 3925 263 3990 et
279 3925 385 4008 potins
413 3925 529 3990 exitum
552 3925 791 4010 exspectandum
815 3943 885 3990 esse
908 3926 1057 3990 dixemnt
1084 3925 1125 3990 lto
1146 3944 1217 3992 ecce
1239 3945 1340 3993 surre-
1357 3944 1385 3987 as

226 4029 280 4109 xit,
304 4033 337 4095 et
358 4049 418 4097 non
440 4031 602 4109 tremebat,
625 4031 770 4114 quoniam
793 4033 921 4096 sanatus
944 4035 1019 4109 erat,
1042 4033 1075 4096 et
1096 4032 1202 4097 stabat
1221 4031 1341 4099 incoln-

226 4136 297 4211 mis,
323 4136 447 4202 intuens
473 4136 639 4202 intuentes.
668 4133 745 4214 Quis
774 4155 847 4222 ergo
870 4156 905 4202 se
926 4137 1029 4202 tenuit
1048 4155 1068 4201 a
1088 4135 1235 4201 laudibus
1257 4137 1341 4203 Dei?

226 4240 434 4306 clamantium
464 4242 749 4327 gratulantiumque
784 4241 916 4308 uocibus
951 4242 1083 4308 ecclesia
1116 4261 1340 4327 usquequaque

184 4406 189 4415 .
226 4347 367 4429 conpleta
394 4351 453 4419 est,
478 4348 553 4414 Inds
580 4348 619 4413 ad
640 4367 690 4413 me
716 4349 860 4426 curritur,
886 4349 942 4413 ubi
964 4348 1109 4415 sedebam
1130 4348 1193 4414 iam
1215 4368 1340 4432 procss-

258 4616 482 4721 4ignorabilisq
551 4615 787 4720 bscerbhsimep
864 4650 971 4721 tullitp
1039 4668 1157 4723 paenep
1228 4656 1259 4709 ll
1279 4655 1338 4725 psl·

224 4735 328 4790 lrziae
417 4739 450 4794 12
471 4743 603 4795 uenerunt
623 4743 712 4795 sutem
734 4755 768 4796 co
789 4744 919 4793 uenerant
941 4756 1041 4794 coras
1129 4742 1161 4795 14
1183 4741 1235 4796 sibi
1253 4759 1339 4813 osup

224 4816 404 4946 placqreturp
492 4855 525 4909 18
542 4854 617 4908 uenit
635 4855 673 4926 et]
693 4819 791 4918 uenit'te
808 4872 843 4910 os.
861 4858 881 4909 2
898 4872 965 4910 corr.
983 4873 997 4909 e
1089 4846 1170 4926 atque
1189 4856 1221 4910 ab
1240 4858 1300 4927 ipso
1316 4876 1337 4930 p

224 4976 259 5031 20
276 4951 385 5054 'msrtyn
407 4978 439 5031 s'ss
460 4954 765 5050 morpsmsrtpriumff
851 4979 885 5033 22
907 4981 1025 5048 sicutiq
1128 4981 1259 5035 somnium
1282 4982 1337 5051 p¹n

223 5063 345 5121 solebant
363 5064 390 5120 α’
399 5065 427 5136 9¹
439 5083 452 5134 p
471 5066 582 5134 Donb.,·
598 5065 705 5121 solebat
719 5064 750 5121 α’
759 5066 774 5120 b
784 5065 883 5137 ep²po
