3217 6325
267 1263 332 1328 534
594 1263 621 1319 S.
648 1261 802 1317 Aurelii
829 1260 1047 1332 Augustini

263 1458 328 1532 tur;
360 1474 437 1537 quae
468 1458 604 1522 recolere
633 1460 665 1522 st
694 1474 933 1521 commemorare
960 1454 987 1519 si
1014 1453 1121 1532 uelim,
1152 1453 1247 1519 huius
1278 1453 1386 1535 operis

263 1561 333 1643 quis
360 1563 419 1627 erit
445 1562 536 1628 finis?
563 1563 704 1627 Monstra
730 1582 803 1627 sane
827 1560 911 1626 dicta
936 1561 1144 1645 perhibente
1172 1560 1385 1640 monstrando,

263 1665 346 1747 quod
376 1667 494 1751 aliquid
520 1668 720 1753 significando
748 1666 969 1743 demonstrent,
1001 1669 1033 1732 et
1059 1670 1184 1733 ostenta
1208 1666 1246 1731 ab
1278 1672 1385 1733 ostsu-

263 1770 372 1849 dendo,
404 1777 435 1837 et
461 1776 648 1855 portentae
672 1771 893 1857 portendendo,
922 1772 956 1837 id
982 1775 1032 1838 est
1052 1771 1328 1855 praeostendendo,
1351 1777 1386 1839 et

259 1877 412 1963 prodigia,
444 1880 528 1962 quod
558 1899 648 1964 porro
680 1879 793 1956 dicant,
825 1878 858 1943 id
889 1882 938 1944 est
968 1878 1074 1950 futura
1100 1879 1288 1961 praedicunt
1319 1878 1384 1945 Sed
1415 1897 1430 1939 s

261 1981 398 2049 uiderint
428 2002 535 2050 eorum
566 1985 767 2062 coniectores,
798 2004 861 2068 quo
888 1984 979 2051 modo
1007 2004 1044 2049 ex
1071 1984 1117 2050 eie
1144 1984 1213 2051 siue
1235 1984 1385 2050 fallantur

261 2086 330 2153 siue
355 2088 504 2155 instinctu
531 2090 709 2174 spirituum,
741 2091 854 2174 quibus
882 2109 957 2157 cura
982 2094 1032 2155 est
1056 2089 1113 2155 teli
1139 2109 1239 2174 poena
1269 2090 1382 2175 dignos

262 2194 380 2260 animos
407 2196 569 2262 hominum
595 2198 703 2263 noxiae
730 2197 922 2263 curiositatis
948 2196 1067 2262 retibus
1098 2196 1254 2280 inplicare,
1286 2198 1382 2263 etiem

260 2319 335 2365 uere
355 2301 543 2384 praedicant,
562 2304 628 2367 siue
647 2305 748 2369 multa
769 2303 899 2369 dicendo
921 2301 1086 2385 aliquando
1108 2301 1140 2367 in
1163 2301 1280 2385 sliqnid
1300 2302 1383 2367 neri·

260 2406 335 2473 tatis
356 2407 523 2474 incurrant.
551 2409 649 2476 Nobis
672 2414 774 2474 tumen
798 2411 869 2482 istu
893 2429 972 2492 quae
999 2409 1088 2474 uelut
1110 2404 1216 2474 contre
1238 2411 1380 2474 usturam
1400 2430 1428 2471 ro

260 2510 340 2578 fiunt
370 2516 402 2578 et
432 2518 539 2580 contra
569 2520 712 2581 naturam
737 2514 805 2581 fieri
832 2516 978 2581 dicuntur
1004 2513 1080 2601 (quo
1108 2533 1193 2580 more
1219 2514 1380 2580 hominnm
1461 2570 1463 2573 ,

259 2617 385 2685 locutus
409 2622 458 2685 eet
479 2623 512 2686 et
533 2623 693 2705 apostolus
717 2621 847 2688 dicendo
869 2625 978 2687 contm
998 2624 1139 2686 naturum
1161 2620 1194 2685 in
1217 2621 1286 2687 oles
1307 2621 1382 2687 iusi·

259 2727 329 2790 tum
355 2725 525 2791 oleastrum
550 2727 668 2792 factum
694 2746 764 2792 esse
790 2727 974 2811 participem
1001 2726 1199 2812 pinguedinis
1225 2723 1325 2812 olene)
1349 2729 1383 2791 et

260 2834 398 2896 munstre
415 2835 547 2910 ostenta,
566 2836 710 2914 portento
727 2833 870 2917 prodigia
887 2836 1114 2917 nuncupantur,
1133 2832 1193 2898 hoc
1210 2836 1382 2898 monstrare

259 2935 382 3017 debent,
404 2936 465 3002 hoc
486 2937 647 3003 ostendere
670 2938 721 3003 uel
743 2938 991 3021 praeostendere,
1013 2938 1073 3004 hoc
1093 2937 1278 3022 praedicere,
1298 2938 1382 3021 qnod
1400 2957 1427 2999 c

258 3041 398 3107 fecturus
425 3043 468 3107 sit
494 3042 590 3123 Deus,
617 3062 696 3127 qnae
720 3043 757 3109 de
780 3044 962 3127 corporibus
990 3043 1152 3110 hominum
1176 3063 1210 3109 se
1231 3062 1382 3128 praenun-

258 3147 353 3214 tisuit
373 3169 442 3216 esse
463 3148 629 3229 facturum,
653 3150 741 3216 nulla
764 3150 942 3235 inpediente
964 3149 1160 3229 difficultate,
1182 3149 1269 3216 nulla
1294 3158 1383 3234 pree

259 3254 412 3320 scribente
433 3255 502 3341 lege
525 3259 661 3324 naturae.
688 3255 755 3337 Quo
774 3256 867 3322 modo
886 3262 991 3323 autem
1009 3256 1284 3341 praenuntiauerit,
1301 3257 1382 3323 satie

258 3360 290 3425 in
311 3361 390 3431 libro
412 3361 570 3444 superiore
593 3362 737 3428 docuisse
760 3382 811 3429 me
833 3363 987 3440 existimo,
1011 3362 1200 3447 decerpendo
1223 3362 1262 3427 de
1284 3362 1381 3446 scrip

258 3466 338 3533 turis
369 3469 485 3534 sanctis
517 3471 551 3533 et
579 3470 671 3535 nouis
703 3472 735 3534 et
765 3470 926 3535 ueteribus
958 3488 1018 3535 non
1050 3468 1175 3552 quidem
1207 3469 1312 3534 omnis
1339 3469 1380 3534 ud
1397 3488 1426 3533 so

258 3572 318 3636 hoc
339 3572 534 3655 pertinentia,
558 3574 614 3640 sed
636 3593 715 3657 quae
738 3574 881 3640 sufficere
904 3575 977 3640 huic
1001 3577 1086 3658 operi
1108 3573 1257 3639 indicaui.

690 3766 825 3833 CAPUT
849 3767 950 3832 VIIII.

319 3906 370 3971 De
393 3906 558 3992 gehenna
580 3912 617 3973 et
638 3913 872 3974 aeternarum
896 3908 1082 3991 qualitate
1104 3926 1312 3991 poenarum.

302 4046 391 4127 Quod
413 4048 510 4135 igitur
533 4048 570 4114 de
593 4051 782 4132 sempiterno
806 4050 960 4134 supplicio
979 4049 1194 4114 damnatorum
1212 4066 1379 4132 persuum

259 4155 441 4237 prophetam
477 4156 563 4221 Deus
597 4153 683 4234 dixit,
719 4155 783 4236 fiet,
821 4155 943 4230 omniuo
975 4154 1043 4220 fiet:
1075 4153 1218 4220 Vermis
1255 4171 1378 4220 eorum
1396 4173 1424 4214 ss

259 4278 325 4325 non
348 4261 526 4325 morietur
549 4264 586 4325 et
607 4261 706 4347 ignis
729 4280 853 4327 eorum
872 4279 940 4326 non
960 4260 1232 4345 exstinguetur.
1250 4257 1301 4323 Ad
1318 4258 1379 4323 hoc

258 4366 339 4430 enim
362 4365 575 4431 uehementius
599 4365 876 4431 commendandum
899 4365 993 4431 etiam
1010 4365 1164 4431 Dominus
1181 4364 1283 4442 Iesus,
1306 4381 1378 4428 cum

258 4472 396 4537 membra
417 4491 495 4554 quse
517 4472 673 4538 hominem
701 4471 910 4538 scandalizent
930 4491 985 4555 pro
1009 4471 1058 4536 his
1082 4469 1260 4536 homiuibus
1284 4488 1378 4553 pone·

347 4661 378 4715 13
395 4661 471 4715 Rern.
491 4661 532 4725 11,
553 4663 585 4715 11
604 4678 662 4731 sqq.
715 4663 749 4716 25
768 4660 839 4715 Enni.
858 4661 901 4728 66,
920 4662 954 4716 24

293 4783 534 4853 iperhibenturd
609 4784 892 4839 ddemonstrenturd
956 4786 984 4837 ·5
1003 4783 1191 4854 praedicenti
1265 4783 1378 4853 iprae·

260 4871 386 4925 dicuntd
453 4873 485 4927 10
504 4877 546 4927 est
562 4873 648 4927 istad
721 4876 752 4928 11
772 4873 841 4928 flunt
858 4878 886 4927 et
904 4876 996 4927 contra
1014 4876 1136 4927 naturam
1154 4871 1238 4929 crab
1311 4888 1378 4940 quo·

258 4960 400 5030 modqreq
488 4962 519 5016 13
537 4960 702 5031 pinguidiuis
718 4961 746 5031 p¹
829 4964 860 5017 15
879 4961 1032 5030 praedicere
1045 4977 1067 5030 9
1153 4962 1184 5014 16
1204 4977 1272 5030 quse
1291 4959 1378 5016 om.i›

259 5064 287 5100 se
306 5064 390 5117 orep
443 5048 475 5102 lo
493 5046 526 5102 de
544 5049 702 5119 serpentet
755 5050 787 5103 21
808 5047 972 5103 iudicsuitd
1033 5045 1184 5104 rodiciti
1238 5047 1272 5102 26
1291 5047 1377 5101 estin·

258 5135 395 5204 tinguetur
415 5135 544 5205 adem
565 5137 729 5206 extinguitur
747 5154 788 5206 po
