3217 6325
282 1270 348 1335 494
623 1266 649 1321 S.
677 1266 831 1321 Aurelii
857 1266 1071 1337 Auguatini

281 1461 353 1544 igue
377 1478 451 1526 uero
474 1462 822 1544 attemptantem
844 1461 876 1527 in
899 1462 1011 1528 llaaiae
1029 1462 1273 1547 propbetiatale
1291 1462 1412 1547 aliquid

281 1572 497 1646 tractaremus,
521 1585 582 1649 qno
604 1566 697 1633 modo
715 1571 827 1654 tenent
847 1567 924 1634 bato
941 1568 1161 1653 intellegenda,
1182 1570 1246 1635 iani
1264 1569 1412 1643 dirimat

281 1670 372 1752 Quod
399 1692 473 1738 uero
500 1671 619 1738 dietum
647 1676 710 1738 eet:
736 1672 949 1739 Adnotabit
974 1674 1116 1739 eaelum
1144 1693 1306 1740 aurnum:
1333 1692 1412 1757 quo·

281 1780 365 1844 niarn
397 1777 498 1845 aautti
524 1782 557 1845 et
582 1778 660 1843 iusti
684 1783 769 1845 reete
795 1778 918 1845 taelum
941 1779 1146 1863 appellantur,
1177 1780 1326 1846 niluirum
1349 1781 1411 1847 bot

281 1890 340 1963 eet,
372 1883 455 1968 quod
487 1884 532 1950 ait
563 1886 740 1968 apostolus:
771 1884 892 1952 Simul
925 1905 1006 1952 turn
1034 1886 1117 1952 illie
1149 1886 1338 1971 rapiemur
1370 1886 1408 1952 in
1441 1911 1456 1955 t

280 1990 442 2057 nubibue
477 1991 514 2057 in
552 1990 699 2056 obuiam
734 1988 884 2057 cbristo
920 1992 956 2056 iu
993 2010 1087 2058 aera
1122 1991 1204 2058 Nam
1235 1992 1407 2059 eetuudum

279 2096 403 2163 litterae
439 2096 645 2182 superficiem,
682 2115 744 2179 quo
775 2096 869 2163 modo
906 2096 1078 2164 adnotatur
1113 2099 1235 2164 eaelum
1271 2117 1409 2175 aureum,

280 2204 370 2287 quani
396 2203 596 2286 poenitente
623 2202 685 2269 nini
712 2206 859 2270 sumum?
887 2200 979 2283 Quod
1005 2208 1111 2270 autern
1138 2203 1320 2285 adiupttnm
1344 2209 1407 2270 eet:

280 2309 325 2376 lot
356 2312 489 2376 terram
521 2308 731 2376 dieternere
763 2310 941 2394 populum
977 2329 1094 2389 auum,
1129 2311 1159 2375 oi
1188 2309 1407 2376 tantummodo

280 2415 487 2483 subaudiatur
508 2414 719 2491 adnotabit,
740 2415 774 2481 id
797 2420 849 2483 est
869 2415 1036 2483 adnotabit
1057 2420 1090 2483 et
1111 2419 1237 2493 urtam,
1258 2434 1316 2482 net
1334 2416 1450 2482 nub-10

279 2520 426 2587 audiatur
461 2539 617 2598 aureum,
653 2521 736 2587 hunt
770 2521 897 2587 uidetur
926 2522 1040 2588 bebere
1070 2540 1197 2588 eentum
1233 2521 1407 2588 eetundunn

277 2632 397 2693 rettam
423 2626 526 2706 fldem,
558 2631 596 2693 nt
625 2629 746 2694 eaelum
777 2628 979 2713 intellegatur
1008 2629 1040 2694 in
1071 2628 1127 2708 eie,
1159 2629 1214 2711 qui
1245 2647 1316 2695 tum
1350 2628 1406 2695 illo

278 2731 447 2797 iudicaturi
469 2735 553 2809 eunt,
576 2738 609 2798 et
630 2736 713 2798 terra
734 2733 766 2798 in
789 2732 847 2807 eie,
869 2733 925 2816 qui
946 2732 1106 2799 iudicandi
1128 2738 1216 2810 eunt;
1239 2736 1277 2799 nt
1298 2732 1406 2799 aduo-

278 2838 382 2904 tabit
403 2838 544 2903 eaelum
569 2857 715 2904 aureum
736 2858 796 2904 non
820 2839 871 2905 bit
893 2839 1115 2924 intellegamus
1136 2838 1247 2923 ‘rapiet
1262 2838 1294 2905 in
1312 2845 1405 2917 aare,

279 2944 335 3010 sed
358 2944 399 3009 ‘in
417 2943 596 3010 iudiciariae
615 2945 715 3029 eriget
732 2944 845 3011 aedee'.
862 2944 974 3011 Poteet
990 2949 1024 3011 et
1040 2944 1119 3011 illud
1136 2945 1278 3031 intellegi
1296 2943 1404 3010 aduo·
1423 2965 1449 3006 aa

277 3050 379 3117 tabit
409 3052 552 3118 eaelum
585 3070 730 3116 eurtum
768 3051 947 3117 ‘adnotabit
976 3051 1104 3137 angelon
1135 3052 1166 3117 in
1198 3051 1341 3135 aupernie
1372 3055 1405 3116 et

277 3157 408 3224 erteloie
430 3157 520 3238 lotio,
543 3176 614 3224 tum
637 3157 753 3242 quibua
776 3157 944 3226 deoteudat
966 3158 1005 3226 ad
1026 3157 1205 3225 laciendum
1225 3149 1403 3232 iuditium'3

277 3264 445 3330 adnotabit
476 3269 513 3330 et
537 3270 683 3344 terram,
714 3265 747 3330 id
773 3268 824 3332 eet
849 3265 991 3331 homines
1020 3265 1051 3331 in
1078 3270 1161 3331 terra
1187 3265 1297 3348 utique
1322 3263 1405 3330 iudi·

276 3370 403 3438 tandoe.
436 3368 470 3438 Si
498 3375 603 3436 autern
632 3376 799 3456 utrumque
826 3371 1076 3437 eubaudiendum
1099 3377 1158 3450 est,
1189 3389 1262 3436 turn
1288 3369 1405 3436 dieitur

276 3480 314 3542 et
344 3483 488 3555 terram,
519 3476 553 3541 id
584 3480 633 3543 eat
663 3480 695 3543 et
726 3477 927 3543 adnotabit
956 3480 990 3542 et
1020 3495 1177 3554 aureum,
1208 3484 1246 3542 ut
1271 3477 1333 3542 iate
1360 3477 1448 3542 titio

275 3601 403 3649 tenena:
429 3583 607 3649 adnotabit
633 3585 755 3650 eaelum
782 3602 919 3662 aureum,
946 3586 979 3649 et
1004 3587 1119 3649 terram
1147 3582 1315 3649 adnotabit
1336 3602 1403 3649 eur·

275 3707 362 3755 enm:
389 3689 467 3755 nibil
489 3689 602 3754 melite
623 3689 767 3774 intellegi
789 3689 932 3756 erietimo
956 3708 1049 3773 quam
1072 3708 1181 3756 ornnes
1209 3689 1262 3772 qui
1283 3689 1403 3771 rapien-

274 3801 327 3861 tur
357 3795 388 3861 in
421 3794 547 3861 obuiam
574 3794 700 3862 Christo
726 3796 756 3859 iu
786 3813 866 3871 aera,
897 3795 953 3860 aed
981 3795 1103 3861 eaelum
1130 3794 1249 3861 dietum
1275 3798 1403 3879 propter

274 3902 403 3981 animae,
425 3905 540 3967 terram
562 3904 688 3987 propter
706 3919 843 3985 torpore
866 3900 1085 3967 Dioternere
1108 3920 1199 3985 porro
1221 3902 1399 3985 populum

274 4027 390 4090 enum,
422 4007 498 4092 quid
529 4015 580 4074 eet
609 4008 670 4073 niti
696 4027 752 4091 per
776 4008 928 4073 iuditium
956 4026 1098 4091 separare
1125 4008 1223 4074 bouoe
1250 4027 1269 4073 a
1295 4008 1398 4081 rnalie,
1417 4026 1443 4068 at

272 4119 433 4198 umquam
469 4133 545 4180 ouee
581 4114 619 4179 ab
655 4114 784 4180 haedis?
821 4113 940 4179 Deinde
977 4114 1138 4180 tonuereio
1175 4114 1328 4180 sermonis
1360 4114 1400 4181 ad

273 4221 400 4308 angeloe
428 4222 512 4288 latta
538 4225 601 4288 eet:
633 4219 863 4307 (longregate
895 4220 955 4286 illi
982 4222 1104 4287 iuatoo
1133 4221 1228 4295 eiust
1259 4221 1399 4304 prosette

336 4533 337 4537 ,
362 4483 379 4538 5
398 4482 422 4538 1.
441 4481 534 4537 lbere.
553 4483 579 4546 4,
599 4482 631 4536 17

310 4624 371 4680 liu
390 4624 465 4681 tatia
480 4622 646 4695 prophetat
715 4622 771 4677 tale
790 4639 874 4691 emp
923 4622 1025 4678 thaat
1042 4639 1093 4680 eat.
1109 4622 1138 4690 gl
1187 4621 1397 4682 tadnotauitb

272 4710 424 4777 debuim.
442 4712 540 4768 oetaeo
556 4712 626 4774 int
692 4712 831 4766 launum
849 4710 995 4766 adnotatur
1013 4712 1151 4766 caelumo
1222 4710 1396 4780 deaurauup

271 4800 434 4873 openetp
497 4802 530 4856 10
547 4800 725 4856 adnotauitb
795 4800 864 4855 neb
919 4801 949 4854 ll
970 4800 1083 4870 aberep
1143 4801 1241 4870 lllqui
1257 4800 1399 4869 acquod

270 4888 299 4943 iu
318 4889 357 4944 eia
375 4905 425 4944 ont
439 4887 474 4959 ρ’
546 4889 579 4943 lt
596 4893 661 4943 eunt
678 4888 855 4943 indicaturio
917 4890 949 4942 15
968 4887 1045 4942 aeden
1064 4888 1183 4958 erigeto
1254 4887 1397 4942 aduocauit

270 4976 351 5046 bqr,-
368 4978 541 5045 ttaitpld
558 4978 594 5030 18
612 4978 652 5032 20
669 4980 705 5030 21
792 4978 824 5030 21
845 4976 948 5031 eaelum
966 4992 1050 5031 ente
1135 4976 1398 5031 terramuotabitb

271 5065 306 5119 22
325 5082 416 5122 omnen
433 5081 508 5129 mear
527 5065 682 5120 hominene
734 5064 908 5134 rapiunturp
947 5066 1089 5136 alperto]
1108 5064 1251 5135 proptarb
1291 5068 1325 5120 25
1343 5066 1398 5120 niti

272 5151 336 5222 qnid
355 5153 430 5208 eetb
483 5154 518 5209 25
536 5156 590 5206 ωτι
611 5167 631 5205 t·
695 5151 751 5206 edin
766 5170 788 5221 p
841 5153 874 5206 27
894 5153 985 5221 illiop
