3217 6325
222 1310 286 1377 368
561 1311 588 1366 S.
614 1310 768 1366 Aurelii
795 1311 1009 1380 Augustini

684 1503 819 1569 CAPUT
841 1505 883 1568 11.

225 1641 302 1723 Quo
338 1643 442 1709 modo
479 1645 632 1709 remotis
671 1644 840 1709 omnibus
875 1643 1116 1721 differentiis,
1151 1661 1243 1726 qnae
1274 1660 1341 1706 nou

224 1750 357 1823 sectae,
390 1751 453 1813 sed
484 1751 723 1832 quaestiones
756 1750 843 1825 sint,
875 1750 918 1813 ad
949 1750 1179 1832 tripertitam
1211 1746 1344 1811 summi

223 1852 311 1926 boni
344 1851 600 1918 definitionem
636 1853 754 1917 Varro
791 1854 995 1936 perueniat,
1033 1872 1185 1936 quarum
1220 1854 1344 1916 tannen

608 1977 678 2021 nna
700 1958 751 2021 ait
773 1958 955 2042 eligenda.
1372 1974 1385 2015 r

266 2098 300 2161 In
332 2097 433 2162 tribua
465 2117 589 2181 quoqne
620 2097 688 2162 illis
716 2098 801 2161 uitae
834 2098 1011 2182 generibus,
1042 2119 1104 2164 uno
1137 2099 1260 2164 scilieet
1285 2116 1346 2162 non

224 2201 369 2285 segniter,
388 2201 444 2266 sed
461 2202 491 2265 in
511 2202 771 2284 contemplatione
790 2203 842 2266 uel
858 2203 1060 2285 inquisitione
1074 2203 1218 2268 ueritatis
1233 2202 1347 2280 otioso,

223 2308 320 2373 altero
343 2307 374 2372 in
398 2307 541 2391 gerendis
564 2308 657 2372 rebus
680 2307 825 2374 humanis
847 2310 1021 2392 negotioso,
1044 2310 1136 2374 tertio
1160 2329 1196 2374 er
1213 2312 1347 2391 utroque

223 2431 335 2497 genere
362 2415 542 2495 temperato,
572 2431 643 2476 cum
669 2413 828 2495 quaeritur
854 2414 929 2497 quid
955 2415 1066 2479 horum
1093 2416 1137 2479 sit
1162 2415 1269 2497 potius
1293 2413 1348 2478 eli·

224 2516 371 2601 gendum,
395 2536 453 2581 non
476 2516 546 2583 finis
569 2518 642 2582 boni
665 2518 760 2582 habet
781 2521 1038 2589 controuersiam:
1062 2520 1118 2584 sed
1141 2518 1216 2603 quid
1234 2520 1347 2584 horum
1365 2538 1391 2580 ro

122 2678 125 2684 .
223 2623 316 2688 trium
344 2621 560 2689 difficultatem
588 2623 640 2686 nal
666 2622 850 2687 facilitatem
877 2625 997 2689 adierat
1022 2625 1060 2688 ad
1089 2625 1348 2707 consequendum

224 2728 276 2792 uel
306 2727 497 2793 retinendum
530 2726 623 2791 finem
653 2727 736 2805 boni,
769 2728 801 2791 id
833 2729 864 2792 in
895 2728 957 2793 ista
988 2730 1168 2812 quaestione
1195 2733 1349 2794 uersatur.

223 2834 310 2899 linis
341 2854 422 2899 emm
453 2835 537 2912 boni,
570 2853 641 2898 cum
673 2833 712 2898 ad
738 2853 810 2899 eum
837 2835 969 2918 quisque
996 2836 1182 2917 peruenerit,
1203 2836 1348 2917 protinus

224 2934 351 3004 beatum
375 2939 464 3016 faeit;
487 2939 519 3003 in
542 2940 606 3003 otio
630 2942 733 3003 autern
756 2938 905 3018 litterato,
932 2942 985 3005 nel
1006 2942 1037 3006 in
1060 2941 1186 3024 negotio
1208 2941 1347 3023 publico,

225 3046 277 3109 nal
307 3043 428 3128 quando
460 3049 626 3127 utrumque
658 3041 782 3110 uicibus
810 3046 922 3129 agitur,
949 3065 1009 3111 non
1038 3046 1184 3111 continuo
1213 3046 1347 3128 quisque
1367 3064 1392 3109 rs

224 3151 335 3217 beatus
366 3155 424 3217 est.
455 3149 550 3216 Multi
581 3149 696 3233 qnippe
728 3150 758 3214 in
787 3151 928 3234 quolibet
953 3152 1064 3217 horum
1091 3150 1186 3216 trium
1213 3155 1350 3235 possunt

226 3256 343 3334 uiuere,
366 3260 398 3320 et
419 3257 451 3320 in
474 3254 644 3337 adpetendo
663 3256 737 3320 boni
754 3254 825 3334 fine,
845 3276 906 3339 qno
925 3256 961 3320 fit
978 3257 1071 3321 homo
1090 3259 1212 3335 beatus,
1237 3277 1348 3323 errare.

226 3361 297 3426 Alia
318 3365 368 3426 est
388 3362 486 3446 igitur
508 3360 647 3443 quaestio
671 3360 709 3424 de
726 3359 840 3426 finibus
858 3362 1008 3426 bonorum
1028 3367 1061 3426 et
1082 3363 1245 3441 malorum,
1269 3380 1350 3445 quaa

226 3486 473 3549 unamquamque
495 3465 749 3550 philosophorum
768 3473 886 3530 sectam
909 3467 994 3544 facit,
1018 3471 1050 3532 at
1067 3468 1145 3531 aliae
1163 3471 1238 3532 sunt
1255 3484 1350 3550 qnae·

227 3573 343 3640 stiones
379 3571 416 3636 de
452 3572 561 3636 sociali
596 3571 672 3648 uita,
709 3570 747 3634 de
782 3573 980 3637 cunctatione
1010 3572 1278 3650 Academicorum,
1310 3573 1349 3637 da
1366 3594 1393 3635 aa

227 3678 346 3742 uestitu
369 3679 401 3741 et
423 3678 510 3742 nictu
534 3676 730 3760 Cynicorum,
753 3674 791 3740 de
813 3677 914 3743 tribus
933 3678 1017 3742 uitae
1035 3677 1211 3761 generibus,
1236 3677 1349 3754 otioso,

228 3786 366 3860 actuoso,
393 3801 429 3846 er
452 3785 583 3864 utroque
606 3781 797 3856 modificato;
826 3802 955 3864 quarum
978 3784 1065 3848 nulla
1087 3787 1145 3859 est,
1168 3783 1200 3847 in
1225 3782 1348 3865 quade

227 3887 378 3953 bonorum
410 3891 442 3951 et
477 3887 629 3952 mulorum
661 3885 773 3951 finibus
810 3885 996 3969 disputatur.
1031 3887 1164 3953 Proinde
1201 3888 1348 3972 quoniam

228 3993 352 4057 Marcus
373 3992 470 4058 Varro
500 3993 557 4056 has
588 3994 735 4074 quattuor
765 3991 914 4057 adhibens
946 3993 1146 4071 differentias,
1176 3993 1209 4056 id
1235 3998 1287 4058 est
1313 4012 1350 4056 ar

228 4098 294 4162 uita
321 4097 442 4172 sociali,
474 4116 509 4160 er
535 4097 732 4162 Academicis
759 4098 861 4175 nonis,
889 4117 924 4162 er
951 4099 1087 4180 Cynicis,
1116 4118 1151 4162 er
1177 4099 1239 4163 isto
1263 4098 1350 4162 uitae
1367 4118 1394 4160 as

229 4222 339 4288 genere
365 4202 519 4284 tripertito
547 4202 586 4265 ad
612 4207 714 4267 sectas
741 4202 890 4267 ducentas
919 4204 1078 4287 octoginta
1104 4206 1173 4267 octo
1196 4202 1350 4284 peruenit,

229 4312 261 4373 at
283 4309 412 4390 siquae
434 4308 512 4371 aliae
534 4311 666 4389 possunt
688 4308 833 4371 similiter
854 4308 947 4373 adici:
971 4309 1100 4373 remotis
1124 4309 1169 4372 ais
1193 4308 1351 4386 omnibns,

229 4413 374 4496 quoniam
393 4413 430 4478 de
448 4412 595 4478 sectando
614 4431 736 4477 summo
754 4412 837 4477 bono
852 4413 969 4476 nnllam
983 4414 1122 4477 inferunt
1134 4413 1351 4496 quaestionem

230 4522 262 4583 at
283 4516 353 4583 ideo
376 4521 479 4582 sectae
500 4537 557 4582 nee
580 4519 654 4581 sunt
675 4535 732 4581 nac
750 4516 907 4582 uocandae
925 4521 1009 4595 snut,
1028 4518 1066 4582 ad
1083 4517 1155 4583 illas
1173 4517 1352 4594 duodecim,

229 4623 261 4686 in
288 4622 402 4705 quibus
429 4621 597 4705 quaeritur,
624 4621 706 4704 quod
733 4623 775 4686 sit
801 4622 917 4686 bonnm
943 4623 1088 4698 hominis,
1117 4642 1178 4706 quo
1201 4623 1352 4688 adscomo
1369 4646 1397 4686 ao

231 4724 268 4790 fit
288 4727 409 4803 beatus,
433 4729 468 4789 ut
491 4746 525 4790 er
548 4726 593 4791 eis
612 4745 704 4790 unam
723 4745 840 4805 ueram,
859 4730 977 4791 ceteras
995 4727 1090 4792 falsas
1110 4728 1254 4793 ostendat
1270 4747 1352 4810 esse,

268 4980 591 5050 Baintps5suntpqo
652 4983 775 5052 9quie¹
829 4985 1087 5054 llinoup.la'n.q
1136 4986 1354 5050 141ittsrattoe

235 5069 266 5121 17
285 5066 319 5119 ad
336 5067 476 5135 pateudic
528 5069 563 5122 20
580 5068 613 5121 dc
631 5070 704 5123 uictu
722 5076 750 5123 at
768 5074 905 5141 uestitup
953 5074 988 5126 22
1007 5079 1034 5127 et
1053 5091 1083 5127 er
1096 5091 1144 5142 pa
1192 5075 1226 5127 27
1245 5073 1353 5128 adicere

233 5152 345 5208 motiae
397 5155 431 5209 30
450 5155 520 5223 quod
539 5155 720 5227 atoma,-
737 5159 835 5226 quida
