3217 6325
227 1311 292 1380 854
565 1314 591 1365 S.
619 1312 772 1365 Aurelii
800 1312 994 1378 Angustia

228 1506 319 1570 malis
347 1525 406 1571 non
434 1505 535 1571 solum
563 1511 741 1587 atempore
770 1505 937 1587 corporalis
964 1506 1157 1587 praesentiae
1180 1504 1298 1569 Christi
1323 1511 1359 1570 et

229 1612 441 1695 apostoloram
472 1612 550 1690 eins,
582 1611 638 1676 sed
664 1611 703 1675 ab
729 1612 799 1694 ipso
827 1612 917 1687 Abel,
948 1630 1041 1693 quem
1068 1611 1203 1694 primum
1230 1611 1357 1676 iustum

226 1717 329 1800 inpius
364 1717 460 1781 frater
494 1716 620 1791 occidit,
654 1720 688 1780 et
718 1715 865 1796 deinceps
896 1734 998 1798 usque
1032 1715 1065 1779 in
1102 1715 1198 1780 huius
1234 1718 1357 1781 saeculi

227 1821 318 1886 finem
350 1822 432 1887 inter
461 1822 691 1905 persecutiones
723 1820 832 1885 mundi
864 1824 896 1884 et
924 1820 1154 1885 consolationes
1181 1821 1240 1885 Dei
1266 1841 1357 1904 pere·

228 1927 376 2011 griuando
399 1927 552 2011 procurrit
573 1926 715 1991 ecclesia
943 1993 946 1997 ,
1384 1947 1398 1987 a

677 2116 812 2183 CAPUT
835 2117 901 2181 LlL

229 2260 280 2323 Au
321 2259 542 2324 credendum
584 2259 643 2337 sit,
685 2259 781 2341 qnod
822 2257 969 2340 quidam
1010 2261 1153 2341 putant,
1194 2259 1355 2342 inpletis

228 2364 352 2429 decem
391 2364 729 2448 persecutionibus,
770 2383 863 2445 quae
904 2365 1063 2441 fuerunt,
1103 2365 1244 2429 nullam
1281 2367 1355 2430 ism

228 2488 425 2554 superesse
443 2473 591 2553 praeter
608 2470 849 2547 undecimam,
869 2489 960 2552 quae
978 2471 1014 2534 in
1029 2471 1110 2553 ipso
1124 2471 1356 2538 Antichristi

587 2580 755 2660 tempore
778 2576 831 2641 sit
850 2576 988 2642 futura.
1374 2606 1400 2648 ro

269 2717 403 2781 Proinde
431 2736 470 2782 ne
495 2717 576 2782 illnd
603 2716 729 2799 quidem
756 2720 874 2780 temere
897 2720 973 2800 puto
1002 2734 1072 2780 esse
1096 2715 1262 2781 dicendum
1285 2717 1356 2781 siue

227 2823 426 2902 credendum,
445 2826 527 2906 qnod
545 2823 703 2889 nonnullis
721 2822 827 2887 nisnm
845 2826 895 2887 est
911 2823 965 2886 nel
982 2823 1119 2899 uidetur,
1137 2842 1199 2887 uon
1217 2823 1355 2905 amplius

224 2930 392 2995 ecclesiam
410 2949 571 3012 passuram
590 2930 825 3011 persecutiones
844 2947 944 3009 usque
963 2927 1002 2991 ad
1017 2932 1143 3009 tempus
1157 2928 1356 3005 Antichrist‘n

225 3056 322 3119 qnam
344 3040 423 3119 quot
443 3037 505 3100 iarn
528 3055 622 3117 passa
644 3039 703 3110 est,
726 3034 758 3099 id
781 3039 832 3100 est
853 3034 971 3111 decem,
994 3036 1031 3098 nt
1048 3033 1215 3099 undecima
1233 3034 1356 3099 eadem-

224 3162 288 3226 qne
314 3142 487 3209 nouissima
513 3142 557 3207 sit
582 3142 621 3207 ab
648 3140 852 3206 Antichristo.
880 3139 1018 3205 Primam
1044 3140 1159 3223 qnippe
1183 3142 1357 3224 conputaut
1374 3154 1398 3194 ιε

224 3269 246 3314 a
271 3247 393 3313 Nerone
421 3267 500 3331 quae
527 3247 609 3312 facta
636 3251 695 3325 est,
723 3247 892 3313 secundam
920 3266 938 3310 a
964 3247 1155 3321 Domitiano,
1183 3247 1355 3310 a'l'raiano

224 3353 360 3430 tertiam,
388 3357 530 3435 quartam
558 3354 596 3418 ab
623 3354 790 3432 Antonino,
820 3373 839 3417 a
865 3352 982 3419 Seuero
1010 3353 1161 3435 quintam,
1189 3355 1311 3417 sertam
1338 3372 1357 3417 a

226 3457 405 3532 Maximino,
428 3476 447 3520 a
468 3458 564 3523 Decio
588 3459 764 3542 septimam,
788 3463 933 3524 octauam
956 3476 975 3521 a
997 3456 1173 3535 Valeriano,
1196 3457 1236 3521 ab
1258 3457 1357 3521 Aure

222 3563 307 3627 liano
335 3581 462 3638 nonam,
495 3563 647 3629 decimam
679 3583 697 3628 a
728 3564 923 3630 Diocletiano
954 3566 987 3627 et
1011 3562 1209 3628 Maximiano.
1240 3562 1356 3647 Plagae

224 3669 308 3732 enim
335 3669 572 3753 Aegyptiorum,
600 3671 747 3753 quoniam
773 3669 880 3734 decem
909 3669 1044 3746 fuerunt,
1074 3671 1242 3750 antequam
1274 3668 1357 3733 exire
1374 3684 1403 3727 ss

224 3773 297 3838 inde
324 3774 474 3857 inciperet
500 3776 638 3858 populus
666 3776 734 3850 Dei,
762 3778 875 3859 putant
903 3775 943 3838 ad
965 3776 1047 3839 hunc
1065 3774 1262 3839 intellectum
1286 3793 1357 3839 esse

226 3880 413 3956 referendas,
431 3884 469 3946 nt
486 3882 659 3947 nouissima
676 3872 863 3947 Antichristi
882 3881 1058 3963 persecutio
1078 3881 1192 3946 similis
1209 3880 1358 3945 uideatur

226 3985 409 4052 undecimae
436 3990 557 4072 plagae,
587 4007 649 4070 qna
674 3988 834 4072 Aegyptii,
862 3987 936 4051 dum
963 3987 1121 4052 hostiliter
1151 3988 1358 4069 sequerentur

226 4092 397 4170 Hebraeos,
423 4094 455 4157 in
483 4093 561 4158 mari
588 4094 692 4159 Rubro
719 4093 835 4177 populo
862 4094 921 4158 Dei
948 4112 1004 4175 per
1031 4093 1150 4158 siccum
1172 4096 1357 4157 transeunte

227 4199 394 4281 perierunt
418 4198 480 4265 Sed
502 4219 560 4286 ego
577 4200 634 4265 illa
650 4220 684 4264 re
703 4204 793 4285 gesta
810 4200 848 4263 in
861 4200 1005 4283 Aegypto
1023 4200 1102 4264 istas
1119 4197 1355 4281 persecutiones
1374 4213 1401 4253 υ

226 4305 408 4388 prophetice
432 4305 625 4389 significatas
648 4324 718 4373 esse
741 4325 801 4370 non
823 4305 970 4381 arbitron
994 4305 1140 4387 quamuis
1162 4305 1201 4369 ab
1220 4304 1276 4372 eis,
1300 4302 1356 4385 qni

263 4563 377 4617 idnem
396 4579 447 4617 om.
461 4563 495 4633 p¹
566 4562 688 4617 8decim
704 4564 748 4633 ps
822 4563 922 4617 nnllam
940 4562 1041 4616 nnllam
1058 4563 1148 4631 isms
1215 4565 1248 4619 10
1265 4564 1359 4620 futura

230 4653 301 4722 sitp
370 4654 623 4718 llneco;om.e
705 4657 771 4721 puto
790 4652 926 4706 temeret
1010 4656 1109 4721 potop
1176 4653 1208 4705 14
1226 4650 1298 4720 qnod
1316 4669 1357 4721 ep

229 4741 283 4796 iam
300 4757 361 4809 sup.
380 4740 464 4809 ΗΜ
542 4740 634 4794 decem
652 4740 694 4809 ut]
714 4739 820 4793 decima
836 4743 884 4793 aut
902 4756 944 4793 nc
1022 4739 1180 4810 undequ
1268 4740 1301 4794 15
1320 4741 1358 4794 sit

229 4830 329 4882 nonius.
349 4845 367 4880 a
414 4829 445 4881 17
465 4828 574 4880 antonio
588 4845 611 4896 p
657 4827 689 4880 18
708 4826 867 4883 maximiano
881 4843 903 4896 p
949 4828 982 4881 19
1000 4824 1155 4881 dioclitiani
1168 4844 1191 4895 p
1240 4827 1357 4881 alinde

230 4919 333 4970 erineo
413 4915 475 4969 inde
494 4917 578 4970 exiret
595 4916 710 4984 populus
729 4917 826 4969 moeso
845 4917 977 4984 inciperet
994 4932 1013 4967 a
1082 4916 1118 4968 22
1134 4915 1220 4969 serta
1237 4915 1303 4970 sede
1320 4917 1357 4970 ab

229 5003 381 5057 referendas
399 5020 484 5072 usque
501 5004 540 5057 od
557 5004 646 5057 inians
664 5007 692 5056 et
710 5019 774 5072 puer
788 5020 819 5071 p.
840 5006 906 5067 359,
924 5007 963 5056 17
979 5004 1039 5055 sine
1060 5002 1119 5056 utto
1142 5003 1261 5057 sacenae
1277 5005 1356 5073 etym

229 5090 331 5145 omissa
348 5107 402 5145 csse
418 5093 450 5144 iss
467 5091 524 5145 cod.
541 5109 559 5161 p
575 5092 606 5144 in
624 5091 750 5159 Praestet.
768 5092 824 5145 scol.
844 5091 865 5144 Ι
874 5108 904 5158 p.
924 5091 1010 5144 XIII
1023 5106 1061 5158 sq.
1079 5090 1174 5143 snos&
1255 5091 1290 5144 25
1308 5108 1357 5162 per

230 5178 290 5232 illas
309 5194 351 5230 res
370 5182 461 5247 gestas
481 5195 500 5231 a
