3217 6325
266 1247 329 1311 552
602 1238 628 1292 S
655 1237 809 1292 Aurelffi
835 1228 1046 1307 Augustini

265 1454 320 1500 nes
350 1435 517 1498 monentur
547 1428 758 1495 misericordia
787 1431 820 1495 ot
851 1447 977 1493 cansam
1003 1428 1134 1493 maxime
1161 1432 1262 1513 agunt
1289 1450 1397 1507 snam,

266 1561 321 1625 per
351 1538 525 1624 generalem
556 1539 587 1601 in
620 1554 719 1620 genus
751 1535 921 1599 humanum
954 1535 1043 1617 quasi
1071 1535 1129 1599 Dei
1155 1535 1398 1602 miserationem

266 1646 472 1730 inpunitatem
499 1644 610 1708 falsam
634 1642 701 1707 suis
723 1641 853 1726 perditis
876 1642 1015 1708 moribus
1045 1642 1243 1724 pollicentem
1277 1662 1316 1709 ao
1338 1664 1399 1728 per

260 1736 325 1818 ¹hoo
348 1751 539 1834 superabunt
561 1768 614 1814 eos
637 1750 668 1813 in
691 1748 895 1831 praedicanda
915 1747 975 1813 Dei
996 1747 1218 1826 misericordia,
1237 1750 1294 1831 qni
1311 1751 1397 1817 hanc

266 1857 472 1941 inpunitatem
509 1856 603 1920 etiam
640 1854 772 1938 principi
808 1853 993 1919 daemonnm
1028 1858 1061 1919 et
1095 1855 1164 1919 eius
1195 1856 1396 1921 satellitibus
1427 1880 1441 1920 a

164 1966 168 1971 ’
267 1964 462 2048 pollicentur.

686 2153 820 2221 CAPUT
842 2153 971 2219 XVIIII.

268 2297 320 2362 De
343 2296 411 2375 his,
437 2297 499 2380 qui
521 2297 770 2380 Inpunitatsm
794 2297 953 2361 omnium
975 2298 1210 2377 peccatorum
1238 2295 1395 2378 promit·

267 2405 353 2466 tunt
384 2402 496 2466 etiam
528 2401 731 2467 haereticis
764 2405 914 2485 propter
948 2401 1278 2483 participationem
1315 2420 1394 2467 cor·

686 2507 787 2592 poris
816 2505 966 2573 Christi.
1412 2548 1438 2588 ι,

310 2648 389 2712 Item
418 2653 492 2714 snut
518 2649 571 2713 alii
599 2649 637 2714 ab
664 2653 788 2713 aeterno
816 2649 971 2731 supplicio
993 2649 1207 2714 liberationem
1231 2666 1288 2713 neo
1310 2646 1393 2731 ipsis

268 2754 379 2818 saltem
415 2755 558 2820 omnibus
595 2754 773 2820 hommihus
813 2756 1040 2837 promIttentes,
1077 2754 1132 2820 sed
1171 2752 1392 2819 tantummodo

268 2857 384 2924 Christi
411 2858 598 2941 baptismate
626 2859 752 2938 ablutis,
776 2861 830 2943 qni
856 2859 1024 2943 partipres
1046 2859 1126 2924 fiunt
1147 2859 1287 2943 corporis
1310 2859 1392 2936 eius,

269 2963 503 3046 quomodolibet
532 2964 675 3040 uixerint,
706 2964 737 3028 in
770 2982 966 3047 quacumque
996 2964 1117 3029 haeresi
1153 2964 1205 3028 nel
1238 2964 1392 3048 iupietate

268 3070 393 3147 fuerint,
417 3075 543 3153 propter
563 3069 643 3135 illud
666 3070 749 3153 quod
772 3072 816 3135 ait
833 3071 937 3136 Iesus:
961 3071 1029 3135 HIo
1052 3074 1111 3135 est
1132 3070 1237 3152 panis
1260 3071 1323 3153 qui
1344 3070 1391 3136 de
1410 3104 1436 3144 n

269 3175 371 3240 caelo
404 3162 607 3246 descendit.
637 3179 690 3254 ut,
722 3177 751 3241 si
785 3179 868 3261 quis
906 3196 946 3241 ex
980 3176 1061 3260 ipso
1098 3175 1390 3255 mandueanerit,

269 3300 338 3345 non
370 3282 559 3346 moriatur.
596 3280 671 3367 Ilgo
705 3302 782 3347 sum
816 3284 919 3365 panis
951 3283 1073 3350 uiuus.
1107 3283 1170 3365 qui
1206 3280 1248 3346 do
1285 3282 1390 3347 eaelo

269 3386 453 3451 descendi.
477 3387 514 3452 Si
538 3389 620 3470 quis
644 3388 925 3454 manducauerit
946 3409 985 3453 er
1008 3390 1074 3454 hoo
1098 3408 1200 3471 pane,
1223 3389 1330 3452 uinet
1352 3389 1390 3453 in

268 3496 466 3557 aeteruum.
503 3494 551 3559 dh
587 3499 710 3559 aeterua
741 3513 814 3579 ergo
847 3498 956 3560 morte.
987 3494 1144 3578 loquium,
1176 3512 1304 3566 necesse
1340 3499 1392 3560 est

267 3593 436 3663 istos'erui
459 3603 491 3664 et
513 3599 552 3664 ad
574 3601 673 3664 uitam
696 3605 852 3665 aeternam
875 3600 1132 3683 quandocumque
1155 3598 1292 3684 perduoi.
1408 3635 1436 3674 ῃ

718 3816 852 3884 ossus
875 3817 943 3884 ur.

267 3940 419 4036 vehis,
451 3960 514 4044 qui
545 3978 614 4024 non
645 3959 826 4037 omnihus,
860 3959 922 4024 sed
954 3960 1008 4024 eis
1039 3963 1182 4025 tantum
1210 3959 1272 4042 qui
1300 3961 1390 4042 aput

269 4065 478 4131 catholicos
506 4070 594 4131 sunt
620 4065 750 4140 renati,
779 4066 927 4132 etiarnsi
955 4068 1082 4147 postea
1111 4064 1144 4129 in
1173 4065 1289 4128 multa
1321 4065 1390 4128 cri-

378 4171 474 4236 mina
496 4190 715 4254 erroresque
738 4170 986 4254 proruperint,
1009 4171 1280 4256 indulgentiam
1337 4255 1339 4257 ι

708 4277 945 4361 pollicentur.
1407 4314 1435 4356 η

312 4417 392 4482 Item
418 4417 507 4494 sunt,
535 4416 589 4499 qni
619 4417 678 4481 hoc
708 4434 764 4481 nec
797 4417 941 4481 omnihus
972 4416 1166 4482 habentibus.
1188 4415 1390 4497 baptismate

269 4521 386 4587 Christi
417 4527 449 4587 et
479 4524 547 4588 eins
579 4523 715 4607 eorporis
752 4527 990 4602 sacramentum,
1021 4522 1081 4587 sed
1113 4521 1189 4587 solis
1225 4519 1390 4586 catholicis

268 4628 412 4710 quamuis
445 4631 525 4694 male
556 4629 738 4723 uiuentibus
771 4630 966 4711 pollicentur,
998 4631 1072 4713 quia
1103 4647 1160 4693 non
1194 4628 1260 4693 solo
1289 4645 1390 4691 sacra·

358 4819 601 4889 ffihde

304 4940 1390 5014 tumplssmmmmmhmwmehwfflwmd

271 5030 489 5102 fflffimfflq
557 5032 958 5102 nmqlhmmm
1020 5027 1390 5098 fflffimffipffimd

267 5121 354 5176 mm
425 5117 1008 5192 mmmfflmmmeaefflmb
