3217 6325
225 1246 288 1309 520
562 1242 597 1300 8.-
616 1240 771 1298 Aurelii
796 1241 1010 1315 Augustini

223 1542 319 1609 bilem
336 1542 410 1608 farri
428 1561 498 1608 esse
515 1547 685 1626 raptorem
708 1541 792 1626 qnod
809 1561 882 1609 cnm
898 1542 1035 1627 primum
1051 1542 1129 1622 nidi,
1145 1544 1352 1610 uehementer

224 1649 373 1715 inhorrui.
401 1645 523 1733 Quippe
550 1649 713 1715 cernebam
734 1668 754 1714 a
778 1647 882 1732 lapide
908 1648 1041 1714 feneum
1069 1651 1197 1715 anulum
1222 1653 1349 1735 raptum

225 1754 325 1838 adque
347 1774 549 1838 suspensum
573 1754 683 1820 deinde
703 1758 866 1838 umquam
886 1754 978 1830 ferro,
1001 1754 1085 1838 quod
1105 1761 1259 1840 rapuerat,
1281 1758 1350 1824 uim

224 1860 365 1927 dedisset
390 1880 480 1927 suam
503 1880 761 1944 communemque
783 1860 922 1940 fecisset,
943 1860 1028 1926 idem
1050 1862 1163 1927 anulus
1185 1863 1276 1929 alteri
1297 1863 1351 1929 ad·
1379 1882 1394 1923 r

224 1970 329 2033 motus
352 1969 402 2033 ost
423 1966 618 2049 eundemque
640 1965 814 2049 suspendit,
831 1966 934 2049 adque
948 1969 989 2031 nt
1003 1966 1058 2032 ille
1076 1967 1160 2051 prior
1174 1968 1283 2051 lapidi,
1303 1970 1350 2035 sic

225 2073 305 2138 alter
321 2072 436 2139 anulus
454 2072 549 2156 priori
566 2072 660 2138 anulo
677 2072 874 2150 cohaerebam
897 2072 1032 2140 accessit
1048 2072 1157 2139 eodem
1174 2074 1267 2141 modo
1288 2078 1351 2141 ter·

225 2179 299 2259 tius,
334 2179 468 2245 accessit
502 2182 535 2243 et
565 2181 710 2261 quadum
744 2179 870 2261 iamque
906 2178 967 2244 sibi
996 2198 1053 2263 per
1081 2183 1193 2245 mutua
1222 2180 1350 2247 circulis

225 2285 312 2352 nexis
338 2304 399 2351 non
421 2284 640 2369 inplicatorum
667 2284 867 2363 intrinsecus,
891 2284 945 2351 sed
968 2285 1160 2352 extrinsecus
1183 2286 1365 2353 adhaeren·

226 2393 307 2457 tium
342 2391 432 2474 quasi
467 2394 577 2457 catena
611 2390 799 2475 pependerat
833 2392 1007 2457 anulorum.
1043 2391 1122 2473 Quis
1156 2393 1251 2459 istam
1281 2394 1350 2459 nim
1369 2412 1396 2453 ιο

225 2497 340 2581 lapidis
361 2515 422 2563 non
445 2498 595 2579 stuperet,
618 2514 696 2578 quas
718 2495 766 2561 illi
788 2514 850 2561 non
872 2497 976 2562 solnm
997 2496 1106 2575 inerat,
1125 2515 1235 2563 uerum
1253 2498 1350 2564 etiam

226 2622 282 2687 per
306 2605 356 2669 tot
381 2621 534 2687 suspensa
559 2602 712 2668 transibat
726 2605 770 2691 et
794 2601 1008 2669 inuisibilibns
1031 2621 1068 2668 ea
1093 2603 1229 2670 uinculis
1252 2604 1351 2670 subli-

228 2709 343 2796 gabat?
365 2708 427 2776 Sed
448 2709 548 2775 multo
571 2710 622 2773 est
643 2707 827 2787 mirabilius,
851 2708 934 2791 quod
956 2728 975 2773 a
995 2710 1090 2774 fratre
1114 2711 1147 2775 et
1162 2710 1349 2796 coepiscopo

226 2835 297 2882 meo
329 2814 444 2882 Seuero
474 2813 659 2880 Milenitano
689 2813 728 2880 de
758 2815 821 2880 isto
852 2813 956 2898 lapide
987 2815 1134 2899 comperi.
1172 2813 1214 2881 Se
1243 2815 1350 2899 ipsum

226 2939 360 3005 namque
382 2919 500 2985 uidisse
522 2919 670 2997 narrauit,
698 2937 790 3002 quem
814 2919 853 2984 ed
875 2919 1000 2985 modum
1023 2919 1231 2985 Bathanarius
1254 2939 1349 3004 quon·
1369 2938 1397 2982 as

229 3029 299 3095 dam
331 3044 436 3092 comes
462 3023 596 3101 Africae,
628 3042 700 3091 oum
726 3029 898 3108 aputeum
925 3024 1146 3091 conuiuars'tnr
1171 3026 1350 3110 episcopus,

228 3132 361 3199 eundern
383 3131 547 3217 protulerit
568 3131 704 3216 lapidem
726 3132 915 3198 attenderit
936 3131 996 3198 sub
1022 3136 1150 3219 urgento
1172 3132 1350 3217 ferrumque

229 3258 323 3322 super
339 3242 502 3323 argentum
519 3238 672 3320 posuerit3
693 3237 802 3304 deinde
821 3238 906 3304 sicut
922 3239 1031 3304 subter
1047 3239 1197 3306 mouebat
1213 3258 1350 3318 manum,

229 3366 291 3430 qua
316 3345 451 3427 lapidem
478 3343 613 3417 tenebat,
644 3345 690 3410 ita
714 3346 831 3410 ferrum
863 3344 998 3427 desuper
1022 3344 1217 3423 mouebatur,
1249 3344 1351 3428 adque

229 3455 356 3536 argento
371 3450 474 3516 medio
491 3450 631 3533 nihilque
649 3451 786 3534 patiente
805 3450 1051 3516 concitatissimo
1065 3469 1160 3516 cursu
1173 3469 1209 3517 ac
1222 3452 1350 3517 recursu
1370 3463 1399 3509 π

230 3559 309 3625 infra
330 3557 411 3640 lapis
433 3555 472 3622 ab
494 3556 630 3635 homine,
654 3574 749 3639 supra
770 3555 887 3621 ferrum
910 3556 1088 3638 rapiebatur
1105 3576 1125 3622 a
1140 3556 1256 3640 lapide.
1278 3556 1351 3622 Diri

230 3663 313 3748 quod
339 3662 407 3746 ipse
434 3662 589 3745 conspexi,
621 3661 683 3726 diri
709 3661 793 3745 quod
820 3663 858 3728 ab
887 3663 943 3728 illo
966 3662 1084 3741 audiui,
1115 3662 1167 3729 cui
1188 3667 1351 3746 tamqnam

226 3771 298 3855 ipsa
327 3769 461 3835 uiderim
492 3767 616 3834 credidi.
648 3766 730 3848 Quid
761 3768 856 3833 etiam
888 3767 926 3834 de
956 3768 1019 3834 isto
1046 3773 1190 3853 magnete
1219 3769 1351 3854 legerim

231 3876 343 3941 dicam.
366 3873 494 3955 Quando
516 3872 603 3952 iurta
624 3891 696 3939 eum
717 3873 844 3956 ponitur
866 3874 1022 3951 adamans,
1045 3893 1105 3940 non
1124 3874 1207 3959 rapit
1223 3875 1350 3951 ferrum,

232 3986 264 4049 et
285 3982 317 4048 si
339 3981 401 4046 iam
423 3984 577 4063 rapuerat,
604 3983 641 4044 ot
662 3980 692 4045 ei
713 3980 976 4064 propinquauarit,
1003 4000 1074 4045 mox
1096 3981 1238 4047 remittit.
1261 3980 1352 4046 India
1368 3995 1396 4038 aa

231 4088 331 4154 mittit
360 4087 418 4152 hos
444 4086 577 4168 lapides3
611 4085 668 4151 sed
694 4085 721 4152 si
748 4104 803 4152 eos
830 4107 886 4152 nos
913 4086 1055 4171 cognitos
1081 4085 1144 4151 iam
1167 4085 1350 4152 desistimus

232 4195 385 4272 admirari,
413 4197 527 4276 quanto
554 4192 655 4277 magis
682 4191 740 4271 illi,
768 4212 787 4257 a
809 4192 922 4275 quibus
948 4179 1090 4274 ueniunt,
1117 4192 1145 4258 si
1163 4211 1217 4259 eos
1239 4191 1351 4258 facilli·

322 4385 356 4438 24
373 4383 442 4437 Plio.
461 4381 593 4446 XXXVII,
610 4382 636 4446 4,
654 4380 687 4435 ol

269 4508 443 4579 lmagneten
458 4522 477 4576 p
536 4506 689 4576 dacem
758 4505 865 4560 snolnm
880 4522 899 4576 p
949 4505 1072 4574 lqnob
1124 4504 1252 4561 teodem
1270 4503 1350 4558 anulo

231 4599 453 4653 mdiorum
505 4595 813 4650 admotusestaltsrio
855 4597 1028 4664 deumqueo
1074 4593 1352 4664 lonimaoeppan

233 4688 358 4739 uirtutem
378 4704 392 4755 p
410 4684 505 4739 Domi.
561 4685 593 4738 12
612 4682 750 4738 decente
768 4699 801 4737 ea
818 4683 930 4737 uinculis
948 4686 1012 4736 cett.
1029 4682 1061 4736 ier
1078 4697 1093 4735 e
1109 4682 1215 4736 omissis
1230 4681 1295 4736 uide
1313 4681 1352 4735 ad

229 4793 259 4844 p.
271 4777 331 4837 519,
339 4777 385 4827 23.
393 4790 451 4828 oum
460 4772 544 4826 uerbo
553 4772 732 4826 inuisibilibus
742 4770 814 4842 quod
823 4788 839 4826 a
848 4772 928 4826 fratre
938 4776 966 4824 et
975 4759 1057 4841 coepe
1069 4770 1189 4840 isstellepi
1201 4770 1350 4838 mast,

233 4869 363 4919 mereator
383 4862 473 4917 mdis
495 4859 565 4931 quod
588 4877 604 4915 a
625 4861 707 4915 tratre
730 4861 817 4915 masis
837 4861 945 4928 scripsit
965 4860 1050 4914 Narro
1073 4857 1151 4929 qnod,
1173 4858 1205 4911 isc
1229 4858 1351 4927 marpissa

235 4951 330 5006 adaco
347 4950 381 5006 de
399 4951 480 5005 traua
545 4950 578 5004 14
596 4950 793 5004 milemitenos
871 4948 957 5018 Sedp
1019 4948 1051 5002 18
1068 4947 1195 5001 monebat
1211 4963 1295 5014 sepse
1313 4945 1352 4999 cd

234 5039 347 5111 desuper
363 5039 448 5094 ootb
531 5038 565 5093 20
583 5037 748 5108 petientiab
819 5054 849 5092 ac
867 5035 1012 5093 decursub
1095 5036 1129 5088 28
1147 5051 1197 5104 ego
1215 5032 1350 5088 credidit

233 5129 386 5200 magnitep
438 5129 472 5183 25
490 5128 707 5198 propinquanerit
725 5126 828 5197 leym
846 5124 1099 5196 adpropinquanerit
1114 5140 1130 5177 o
1147 5123 1243 5178 Domi.
