3217 6325
230 1298 293 1364 252
566 1296 592 1352 S.
618 1296 771 1350 Aurelii
798 1298 1013 1366 Augustini

229 1489 412 1572 inpudenter
441 1493 581 1573 negetur.
613 1491 653 1554 Et
679 1490 740 1572 ipsi
768 1491 884 1572 quippe
910 1491 1048 1554 fatentur
1074 1490 1194 1555 inimici
1221 1509 1258 1554 er
1280 1489 1357 1554 Sion

228 1596 355 1662 mbram
379 1594 477 1661 fuisse
500 1597 602 1679 legem
627 1596 753 1673 Christi,
782 1595 865 1679 quod
889 1597 1084 1679 euangelium
1113 1616 1170 1661 nos
1192 1615 1357 1670 necamus,

227 1708 260 1768 et
285 1722 351 1769 eum
376 1703 498 1785 uirgam
522 1703 648 1767 uirtutis
672 1704 740 1767 eius
769 1703 978 1787 agnoscimus.
1002 1701 1163 1766 Dominari
1185 1720 1260 1765 uero
1284 1719 1359 1763 eum

228 1809 259 1874 iu
281 1810 383 1875 medio
406 1809 602 1874 inimicorum
627 1829 755 1874 suorum
778 1809 862 1873 idem
881 1810 952 1891 ipsi,
971 1809 1053 1872 inter
1070 1827 1149 1889 qnos
1167 1807 1358 1883 dominatur,

228 1914 371 1982 dantibus
412 1915 582 1980 frendendo
624 1920 655 1979 et
690 1915 877 1979 tabescendo
915 1919 947 1979 et
982 1914 1059 1978 nihil
1095 1913 1246 1977 aduersus
1283 1930 1358 1975 eum
1388 1930 1402 1970 s

227 2023 358 2089 ualendo
391 2026 556 2088 testantur.
592 2022 711 2087 Deinde
744 2022 827 2103 quod
860 2022 952 2105 paulo
985 2026 1057 2104 post
1088 2021 1176 2085 dicit:
1209 2018 1360 2083 Iurauit

227 2128 418 2205 Dominus,
438 2135 474 2192 ot
493 2149 560 2193 non
579 2129 790 2209 paenitebit
809 2149 898 2197 eum.
918 2129 1032 2209 quibus
1051 2128 1156 2191 uerbis
1170 2125 1359 2189 inmutabile

228 2235 367 2301 futurum
397 2256 466 2300 esse
489 2234 658 2319 significat,
686 2235 770 2316 quod
797 2234 954 2319 adiungit:
986 2235 1037 2299 Tu
1061 2253 1098 2298 es
1123 2232 1297 2298 sacerdos
1321 2232 1358 2294 in

228 2345 417 2407 aeternum
437 2341 640 2406 secundum
664 2340 826 2406 ordinem
850 2340 1139 2410 Melchisedech.
1158 2358 1194 2403 ex
1212 2357 1249 2404 eo
1273 2337 1359 2419 quod

228 2446 288 2511 iam
317 2468 473 2530 nusquam
502 2452 551 2513 est
577 2447 785 2512 sacerdotium
816 2452 848 2512 et
870 2447 1057 2512 sacrificium
1080 2446 1253 2510 secundum
1277 2443 1359 2509 ordi·
1378 2462 1402 2500 ιο

226 2571 295 2617 nam
328 2554 429 2618 Aaron
462 2557 493 2617 et
524 2553 641 2635 ubique
674 2554 801 2617 offertur
832 2555 891 2619 sub
920 2553 1080 2618 sacerdote
1109 2552 1244 2622 Christo.
1272 2550 1358 2632 quod

226 2659 358 2741 protulit
388 2658 633 2733 Melchisedech,
667 2659 788 2740 quando
816 2659 974 2723 benedixit
997 2658 1165 2734 Abraham,
1194 2656 1266 2737 quis
1294 2676 1359 2720 am-

225 2764 331 2847 bigere
367 2765 569 2847 permittitur,
607 2765 644 2829 de
676 2785 737 2847 quo
771 2767 833 2830 ista
865 2766 1027 2830 dicantur?
1063 2764 1112 2828 hd
1143 2763 1219 2827 haec
1249 2763 1359 2844 itaque

227 2871 393 2935 manifesta
420 2871 603 2947 referuntur,
633 2891 712 2953 quae
739 2868 832 2954 paulo
857 2872 1020 2935 obscurius
1048 2871 1079 2934 in
1103 2869 1211 2933 eodem
1233 2870 1358 2950 psalmo

226 2975 328 3057 posits
356 2980 440 3049 sunt,
469 2976 592 3057 quando
620 2981 705 3041 recte
729 2978 970 3060 intelleguntnr3
995 2974 1077 3057 qnod
1100 2976 1130 3038 in
1154 2974 1271 3039 nostris
1294 2975 1358 3039 ism
1376 2991 1403 3032 rs

224 3081 428 3164 popularibus
448 3082 642 3146 sermonibus
661 3082 806 3147 fecimus.
828 3082 880 3147 Sic
898 3084 977 3147 etin
995 3083 1062 3158 illo,
1077 3081 1132 3145 ubi
1145 3080 1359 3144 humilitatem

224 3187 381 3268 passionis
418 3207 494 3252 suae
530 3208 584 3270 per
619 3190 817 3272 prophetiam
855 3190 998 3255 Christus
1040 3188 1198 3270 eloquitur
1235 3186 1359 3251 dicens:

226 3290 431 3357 Foderunt
461 3313 597 3358 manus
630 3314 733 3358 meas
766 3299 807 3359 et
836 3295 967 3376 pedes,
996 3293 1360 3357 dinumerauerunt

226 3399 354 3464 omnia
394 3417 487 3464 ossa
526 3419 624 3477 mea;
665 3401 745 3481 ipsi
783 3419 876 3465 uero
914 3399 1285 3464 considerauerunt
1320 3401 1361 3463 et

225 3509 519 3588 conspexerunt
551 3525 608 3570 me
635 3504 764 3590 (quibus
792 3506 902 3587 utique
930 3505 1036 3569 uerbis
1064 3505 1094 3568 in
1124 3522 1215 3569 cruce
1243 3523 1359 3586 corpus
1376 3521 1404 3561 ro

225 3607 417 3694 significauit
440 3614 598 3675 extentum
620 3611 764 3675 manibus
784 3611 979 3694 pedibusque
998 3609 1126 3675 confixis
1146 3614 1178 3674 et
1196 3610 1359 3674 clauorum

224 3714 524 3780 transuerberatione
551 3715 718 3788 confossis,
747 3735 846 3798 eoque
874 3716 967 3782 modo
992 3736 1025 3780 se
1048 3715 1264 3798 spectaculum
1288 3733 1359 3778 con-

223 3819 432 3885 siderantibus
470 3825 503 3886 et
538 3821 806 3903 conspicientibus
844 3822 1051 3904 praebuisse).
1092 3821 1208 3886 addens
1246 3820 1358 3887 etium:

223 3925 465 3992 Diuiserunt
501 3925 580 3991 sibi
617 3928 871 3992 uestimenta
904 3946 985 3992 mea
1017 3931 1056 3992 et
1087 3946 1205 4009 super
1236 3927 1358 3990 uesti-

224 4035 397 4097 mentum
420 4052 544 4097 meum
567 4033 763 4096 miserunt
785 4037 949 4107 sortem,
974 4051 1052 4115 quae
1075 4032 1239 4116 prophetia
1261 4050 1355 4113 quem
1373 4045 1401 4086 rs

224 4135 261 4201 ad
289 4137 417 4201 modum
444 4137 562 4220 inpleta
584 4138 626 4201 sit
649 4139 833 4222 euangelica
861 4143 1004 4202 narratur
1026 4138 1167 4212 historia,
1190 4138 1266 4200 tunc
1288 4155 1358 4217 pru-

223 4241 306 4307 fecto
334 4245 366 4307 et
392 4243 454 4307 ulia
476 4248 559 4307 recte
583 4242 818 4327 intelleguntur,
848 4263 927 4326 quae
951 4244 994 4308 ibi
1018 4244 1121 4307 minus
1145 4245 1251 4324 aperte
1274 4241 1359 4305 dictu

224 4351 307 4425 sunt,
326 4367 397 4412 cum
417 4352 592 4432 congruunt
610 4348 670 4424 his,
690 4369 769 4430 quae
788 4355 875 4414 muta
893 4349 1148 4413 manifestatione
1163 4350 1356 4418 claruerunt

310 4606 388 4660 sm.
410 4607 467 4667 ros.
490 4608 515 4670 1;
539 4608 567 4668 a;
589 4609 608 4661 4
715 4608 747 4660 ra
766 4606 833 4663 cen.
853 4609 894 4669 14,
915 4608 949 4660 rs
1057 4609 1089 4661 rs
1107 4607 1151 4659 rs.
1170 4607 1214 4667 21,
1237 4607 1269 4659 ra
1290 4622 1356 4675 sqq.

226 4692 443 4761 mmmm

259 4815 386 4870 Dohristi
404 4817 524 4886 legeras
576 4817 781 4872 teduersums
829 4819 901 4887 bsq.
920 4819 947 4872 in
966 4823 1105 4872 oeternum
1124 4823 1152 4870 et
1170 4817 1222 4885 riq.
1243 4831 1274 4868 er
1293 4818 1355 4869 eob

226 4903 260 4956 18
277 4901 360 4971 pedes
377 4920 483 4958 meuse
561 4905 594 4960 18
612 4922 649 4974 sq.
670 4904 751 4975 pedes
769 4911 798 4959 et
816 4906 882 4975 relq.
900 4906 953 4975 ipsi
972 4905 1071 4960 ucroh
1150 4906 1182 4957 ‘21
1204 4904 1356 4971 extentisp

225 4990 377 5048 confixisset
391 4991 434 5060 9¹,·
453 4991 562 5046 confixis
579 4993 626 5046 sed
643 4991 673 5062 φ’
760 4995 795 5047 22
814 4993 979 5062 confussisp
1061 4993 1096 5045 23
1115 4991 1358 5060 conspuentibnse

223 5079 257 5130 24
278 5094 317 5145 sq.
340 5079 503 5131 uestimenta
524 5084 552 5133 et
573 5081 624 5149 riq.
648 5081 847 5151 prophetase
954 5098 1033 5151 super
1051 5082 1241 5133 uestimentum
1260 5095 1350 5132 meum

224 5164 481 5234 cepprorsb.,·
498 5182 578 5237 super
596 5173 698 5222 uestem
718 5185 804 5222 mesni
820 5186 864 5238 pr
