3217 6325
231 1235 294 1299 596
572 1229 599 1284 S.
627 1231 779 1285 Aurelii
805 1231 1015 1299 Augustini

228 1426 300 1489 liter
327 1425 530 1491 incredibilia.
546 1426 677 1491 credidit
703 1426 860 1490 mundus?
895 1428 943 1491 An
965 1428 1044 1492 forte
1067 1427 1228 1493 eredibilia
1252 1428 1353 1493 luisse

230 1534 261 1596 et
278 1532 347 1597 ideo
367 1532 484 1597 eredita
502 1550 570 1597 esse
590 1532 704 1596 dicturi
722 1536 817 1596 sunt?
840 1532 928 1612 Quur
946 1552 1020 1616 ergo
1038 1533 1099 1615 ipsi
1118 1553 1178 1598 non
1197 1534 1351 1598 credunt?

227 1638 340 1703 Breuis
363 1643 412 1702 est
433 1638 532 1722 igitur
552 1642 658 1703 nostra
680 1638 855 1721 conplexio:
887 1638 953 1704 dut
977 1638 1168 1704 incredibilis
1191 1640 1246 1716 rei,
1271 1660 1352 1722 quae

228 1763 286 1809 non
314 1744 489 1821 uidebatur,
516 1746 576 1809 alia
602 1744 806 1821 incredibilia,
830 1764 909 1827 quae
936 1748 1041 1810 tamen
1063 1744 1180 1810 fiebant
1205 1749 1238 1809 et
1263 1746 1352 1810 uide·

227 1850 349 1928 bantur,
372 1850 513 1915 iecerunt
539 1850 645 1924 fidem;
678 1854 733 1915 aut
759 1854 842 1915 certe
865 1870 914 1915 res
936 1852 982 1915 ita
1003 1851 1172 1926 credibilis,
1195 1856 1232 1916 ut
1254 1853 1350 1916 nullis
1381 1874 1394 1911 s

228 1955 342 2039 quibus
365 1956 602 2040 persuaderetur
623 1956 783 2021 miraculis
806 1956 970 2041 indigeret,
993 1957 1124 2022 istomm
1151 1957 1280 2021 nimiam
1302 1976 1350 2021 re·

228 2062 351 2145 darguit
373 2061 597 2126 infidelitatem.
634 2062 703 2126 Hoc
725 2062 764 2127 ad
787 2062 973 2127 refellendos
996 2063 1185 2127 uanissimos
1208 2063 1349 2127 dixerim.

226 2167 306 2232 Nam
334 2168 417 2231 iacta
443 2186 512 2232 esse
539 2168 640 2232 multa
665 2167 826 2242 miracula,
854 2187 933 2250 quae
960 2168 1190 2232 adtestarentur
1214 2169 1263 2232 illi
1293 2170 1349 2233 uni

228 2272 334 2355 grandi
353 2272 532 2355 salubrique
551 2274 712 2349 miraculo,
732 2284 792 2355 quo
812 2273 957 2339 Christus
975 2274 1006 2337 in
1027 2273 1147 2337 caelum
1166 2292 1238 2337 cum
1257 2293 1349 2339 carne

226 2379 256 2442 in
280 2397 341 2460 qua
362 2379 528 2443 resurrexit
549 2378 721 2455 adscendit,
744 2398 857 2462 negare
883 2399 943 2444 non
966 2398 1145 2462 possumus.
1168 2380 1204 2443 ln
1227 2380 1347 2444 eisdem
1368 2406 1392 2443 ιι

228 2485 341 2568 quippe
373 2484 583 2549 ueracissimis
615 2484 704 2549 libris
736 2488 849 2549 cuncta
878 2485 1053 2568 conscripta
1084 2489 1167 2559 suut,
1200 2489 1233 2549 et
1268 2505 1348 2566 quae

225 2591 307 2655 iacta
333 2596 417 2666 sunt,
441 2596 473 2656 et
499 2593 625 2675 propter
651 2591 735 2673 quod
758 2592 944 2656 eredendum
967 2592 1156 2657 factasunt
1191 2591 1288 2668 Haec,
1310 2596 1349 2655 ut

225 2697 317 2761 fidem
344 2698 490 2774 facerent,
516 2697 731 2773 innotuerunt;
759 2698 840 2762 liaeo
866 2718 922 2779 per
947 2697 1050 2775 fidem,
1074 2717 1167 2779 quam
1194 2698 1347 2771 iecerunt,

225 2803 324 2867 multo
355 2804 469 2868 clarius
500 2802 708 2867 innotescunt.
743 2803 904 2886 Leguntur
934 2804 1051 2886 quippe
1080 2804 1112 2867 in
1143 2804 1278 2886 populis,
1309 2809 1348 2868 ut

225 2909 400 2984 credentum
424 2927 480 2974 nee
502 2908 533 2973 in
557 2909 680 2993 populis
703 2914 809 2973 tamen
832 2909 893 2974 nisi
916 2909 1033 2973 credita
1053 2910 1238 2992 legerentur.
1263 2910 1345 2974 Nam
1365 2933 1389 2973 ra

226 3015 319 3079 eliam
342 3034 422 3079 nunc
440 3014 520 3079 fiunt
538 3015 687 3079 miracula
704 3014 735 3078 in
755 3015 822 3079 eius
841 3016 975 3091 nomine,
994 3015 1063 3079 siue
1079 3034 1135 3096 per
1153 3019 1346 3080 sacramenta

225 3121 291 3187 eius
323 3121 391 3186 siue
422 3122 657 3205 perorationes
685 3121 738 3185 uel
765 3120 931 3185 memorias
963 3124 1141 3186 sanctorum
1172 3121 1254 3194 eius:
1289 3121 1345 3186 sed

224 3247 284 3292 non
313 3227 420 3292 eadem
447 3228 587 3292 claritate
613 3228 830 3303 inlustrantur,
853 3231 890 3291 ut
916 3230 1004 3289 tanta
1030 3231 1146 3308 quanta
1166 3227 1222 3299 illa
1244 3227 1344 3309 gloria

225 3333 431 3398 diffamentur.
469 3332 571 3398 Canon
595 3333 710 3416 quippe
734 3351 890 3396 sacrarum
911 3333 1098 3410 litterarum,
1121 3351 1213 3414 quem
1237 3332 1344 3396 delini-

223 3443 289 3503 tum
322 3456 391 3503 esse
422 3437 593 3519 oportebat,
620 3437 675 3502 illa
706 3438 783 3502 facit
814 3438 931 3520 ubique
962 3439 1085 3502 recitari
1117 3441 1149 3502 et
1175 3439 1343 3502 memoriae
1361 3463 1387 3502 ιι

223 3547 405 3609 cunctorum
428 3544 585 3608 inhaerere
604 3547 803 3627 populorumr
827 3544 903 3608 haec
922 3548 1025 3608 autem
1045 3545 1235 3625 ubicumque
1252 3543 1343 3618 fiunt,

223 3651 266 3714 ibi
294 3650 437 3714 sciuntur
463 3650 514 3713 uix
541 3669 559 3714 a
582 3654 650 3714 tota
671 3650 739 3733 ipae
762 3650 892 3714 ciuitate
914 3650 965 3714 uel
988 3668 1184 3731 quocumque
1207 3667 1342 3713 eommu-

223 3757 361 3820 nentium
393 3756 472 3822 loco.
509 3754 587 3819 Nam
614 3757 797 3838 plerumque
827 3756 920 3819 etiam
952 3755 996 3820 ibi
1027 3754 1209 3836 paucissimi
1238 3754 1344 3818 sciunt

223 3860 436 3946 ignorantibus
459 3861 581 3936 ceteris,
604 3862 736 3926 maxime
759 3862 786 3925 si
809 3880 923 3946 magna
945 3861 987 3924 sit
1010 3861 1136 3934 diuitem
1165 3864 1195 3924 et
1218 3861 1341 3942 quando

224 3967 297 4031 alibi
324 3966 455 4048 aliisque
481 3973 651 4042 narrantur,
674 3986 733 4032 non
760 3969 848 4031 tante
874 3987 910 4031 ea
937 3966 1134 4032 commendat
1160 3966 1340 4043 auctoritas,
1359 3988 1385 4027 rs

222 4079 259 4137 ul
286 4072 351 4136 eine
379 4071 562 4137 difficultate
589 4073 640 4137 uel
669 4072 861 4137 dubitatione
889 4073 1062 4149 credantur,
1086 4070 1229 4153 quemuis
1254 4070 1340 4136 chri-

223 4178 332 4244 stianis
355 4179 499 4244 fidelibus
522 4198 540 4241 a
562 4178 706 4243 fidelibus
730 4179 914 4244 indicentur.

265 4284 460 4361 Miraculum,
484 4282 565 4365 quod
589 4282 756 4348 Mediolani
778 4283 896 4347 iactum
921 4287 979 4362 eet,
1004 4303 1075 4349 cum
1098 4284 1163 4347 illic
1187 4303 1340 4361 essemus,

223 4390 343 4472 quando
366 4388 569 4453 inluminatus
592 4392 640 4452 est
667 4407 788 4466 caecus,
817 4388 855 4452 ad
877 4389 1047 4453 multorum
1071 4389 1213 4453 notitiam
1236 4391 1341 4470 potuit

223 4494 393 4578 peruenire,
421 4494 494 4576 quia
521 4498 553 4559 et
579 4494 703 4578 grandis
731 4498 780 4558 est
803 4494 915 4558 ciuitas
939 4497 970 4557 et
991 4493 1036 4557 ibi
1059 4497 1124 4558 erat
1145 4498 1218 4558 tuno
1242 4495 1338 4576 impe·
1358 4518 1385 4557 ιι

260 4703 272 4754 l
293 4706 354 4755 ante
372 4700 440 4806 ierlle
439 4702 518 4806 i(ric)
536 4718 554 4771 q
605 4703 622 4755 2
640 4702 691 4772 ipsi
710 4719 772 4771 ergo
792 4719 805 4755 e
810 4719 831 4770 p
891 4704 908 4755 4
927 4700 1077 4755 sciebantur
1097 4705 1124 4754 et
1143 4699 1337 4769 uidebanturp

223 4817 512 4879 bisioruomomniam,
535 4818 605 4869 eiam
627 4818 691 4871 etilo
714 4834 790 4874 corr..
784 4836 824 4887 9
912 4818 1086 4873 8miraculo
1110 4832 1177 4869 oex
1195 4833 1210 4868 a
1229 4832 1305 4875 corr..
1325 4834 1338 4868 r

224 4921 290 4974 quae
308 4921 390 4972 reque
408 4905 446 4957 ud
463 4905 587 4958 miraculo
606 4923 655 4958 οιιι.
675 4921 688 4958 e
739 4907 768 4958 11
789 4910 817 4959 et
835 4923 902 4974 quae
921 4905 993 4959 facts
1010 4911 1073 4958 sunt
1090 4922 1140 4958 om
1159 4922 1177 4972 p
1228 4905 1258 4956 17
1278 4922 1337 4956 ora·

222 5021 312 5086 tionis,
331 5017 454 5072 ebliio'
442 5035 569 5086 ampreea,
585 5038 603 5089 p
672 5021 847 5087 memoriaep
915 5022 947 5074 19
966 5020 1119 5084 diffembur,
1137 5037 1170 5073 ιιι
1190 5023 1304 5081 2eorr,
1320 5037 1338 5087 q

223 5107 257 5161 20
275 5106 407 5176 ricitarip
442 5107 647 5160 uentriculum
666 5108 764 5177 quippe
783 5107 890 5176 quodp
930 5109 965 5162 30
983 5109 1046 5177 quia
1064 5108 1102 5177 et]
1123 5124 1173 5177 quq
1160 5124 1207 5177 pq
1260 5107 1338 5160 ubic
